%jmh_bibliography.bib Joe_Hahn's bibliography, 19 January 2019


@BOOK{AS72,
    author = {{Abramowitz}, M. and {Stegun}, I.~A.},
    title = "{Handbook of Mathematical Functions}",
    publisher = {Handbook of Mathematical Functions, New York: Dover, 1972},
    year = 1972,
    adsurl = {http://adsabs.harvard.edu/cgi-bin/nph-bib_query?bibcode=
        1972hmf..book.....A&db_key=AST},
    adsnote = {Provided by the Smithsonian/NASA Astrophysics Data System}
}

@ARTICLE{ACA09,
   author = {{Ahmic}, M. and {Croll}, B. and {Artymowicz}, P.},
    title = "{Dust Distribution in the {$\beta$} Pictoris Circumstellar Disks}",
  journal = {\apj},
archivePrefix = "arXiv",
   eprint = {0909.0730},
 keywords = {circumstellar matter, methods: statistical, 
             planetary systems: formation, planetary systems: protoplanetary disks, 
             stars: individual: Beta Pictoris },
     year = 2009,
    month = nov,
   volume = 705,
    pages = {529-542},
      doi = {10.1088/0004-637X/705/1/529},
   adsurl = {http://adsabs.harvard.edu/abs/2009ApJ...705..529A},
  adsnote = {Provided by the SAO/NASA Astrophysics Data System}
}

@ARTICLE{ABM01,
   author = {{Allen}, R.~L. and {Bernstein}, G.~M. and {Malhotra}, R.},
    title = "{The Edge of the Solar System}",
  journal = {\apjl},
     year = 2001,
    month = mar,
   volume = 549,
    pages = {L241-L244},
   adsurl = {http://adsabs.harvard.edu/cgi-bin/nph-bib_query?bibcode=
             2001ApJ...549L.241A&db_key=AST},
  adsnote = {Provided by the NASA Astrophysics Data System}
}

@ARTICLE{ABM02,
    author = {{Allen}, R.~L. and {Bernstein}, G.~M. and {Malhotra}, R.},
    title = "{Observational Limits on a Distant Cold Kuiper Belt}",
    journal = {\aj},
    year = 2002,
    month = nov,
    volume = 124,
    pages = {2949-2954},
    adsurl = {http://adsabs.harvard.edu/cgi-bin/nph-bib_query?bibcode=
        2002AJ....124.2949A&amp;db_key=AST},
    adsnote = {Provided by the NASA Astrophysics Data System}
}

@ARTICLE{ABM04,
   author = {{Altenhoff}, W.~J. and {Bertoldi}, F. and {Menten}, K.~M.},
    title = "{Size estimates of some optically bright KBOs}",
  journal = {\aap},
     year = 2004,
    month = feb,
   volume = 415,
    pages = {771-775},
   adsurl = {http://adsabs.harvard.edu/cgi-bin/nph-bib_query?bibcode=
    2004A%26A...415..771A&db_key=AST},
  adsnote = {Provided by the NASA Astrophysics Data System}
}

@ARTICLE{Bernstein04,
   author = {{Bernstein}, G.~M. and {Trilling}, D.~E. and {Allen}, R.~L. and 
 {Brown}, M.~E. and {Holman}, M. and {Malhotra}, R.},
    title = "{The Size Distribution of Trans-Neptunian Bodies}",
  journal = {\aj},
     year = 2004,
    month = sep,
   volume = 128,
    pages = {1364-1390},
   adsurl = {http://adsabs.harvard.edu/cgi-bin/nph-bib_query?bibcode=
             2004AJ....128.1364B&db_key=AST},
  adsnote = {Provided by the NASA Astrophysics Data System}
}

@BOOK{BT87,
   author = {{Binney}, J. and {Tremaine}, S.},
    title = "{Galactic dynamics}",
publisher = {Princeton, NJ, Princeton University Press, 1987, 747 p.},
     year = 1987,
   adsurl = {http://adsabs.harvard.edu/cgi-bin/nph-bib_query?bibcode=
    1987gady.book.....B&db_key=AST},
  adsnote = {Provided by the Smithsonian/NASA Astrophysics Data System}
}

@ARTICLE{BWM09,
   author = {{Booth}, M. and {Wyatt}, M.~C. and {Morbidelli}, A. and
        {Moro-Mart{\'{\i}}n}, A. and 
	{Levison}, H.~F.},
    title = "{The history of the Solar system's debris disc: 
        observable properties of the Kuiper belt}",
  journal = {\mnras},
archivePrefix = "arXiv",
   eprint = {0906.3755},
 keywords = {Kuiper Belt , Solar system: general , circumstellar matter , 
                planetary systems},
     year = 2009,
    month = oct,
   volume = 399,
    pages = {385-398},
      doi = {10.1111/j.1365-2966.2009.15286.x},
   adsurl = {http://adsabs.harvard.edu/abs/2009MNRAS.399..385B},
  adsnote = {Provided by the SAO/NASA Astrophysics Data System}
}

@ARTICLE{BGT82,
   author = {{Borderies}, N. and {Goldreich}, P. and {Tremaine}, S.},
    title = "{Sharp edges of planetary rings}",
    journal = {\nat},
     year = 1982,
    month = sep,
   volume = 299,
    pages = {209-211},
   adsurl = {http://adsabs.harvard.edu/abs/1982Natur.299..209B},
  adsnote = {Provided by the SAO/NASA Astrophysics Data System}
}

@ARTICLE{BGT83,
   author = {{Borderies}, N. and {Goldreich}, P. and {Tremaine}, S.},
    title = "{Perturbed particle disks}",
  journal = {Icarus},
 keywords = {PARTICLE COLLISIONS, PLANETOLOGY, RING STRUCTURES, 
            ANGULAR MOMENTUM, BOLTZMANN TRANSPORT EQUATION, DEFORMATION, ELLIPSOIDS, 
            KINEMATICS, MOMENTUM TRANSFER, STRESS TENSORS},
     year = 1983,
    month = jul,
   volume = 55,
    pages = {124-132},
      doi = {10.1016/0019-1035(83)90055-6},
   adsurl = {http://adsabs.harvard.edu/abs/1983Icar...55..124B},
  adsnote = {Provided by the SAO/NASA Astrophysics Data System}
}

@ARTICLE{BGT83aj,
   author = {{Borderies}, N. and {Goldreich}, P. and {Tremaine}, S.},
    title = "{Erratum - Precession of Inclined Rings}",
  journal = {\aj},
     year = 1983,
    month = aug,
   volume = 88,
    pages = {1074},
      doi = {10.1086/113396},
   adsurl = {http://adsabs.harvard.edu/abs/1983AJ.....88.1074B},
  adsnote = {Provided by the SAO/NASA Astrophysics Data System}
}

@ARTICLE{BG84,
    author = {{Borderies}, N. and {Goldreich}, P.},
    title = "{A simple derivation of capture probabilities for the J + 1 : J 
              and J + 2 : J orbit-orbit resonance problems}",
    journal = {Celestial Mechanics},
    year = 1984,
    month = feb,
    volume = 32,
    pages = {127-136},
    adsurl = {http://adsabs.harvard.edu/cgi-bin/nph-bib_query?bibcode=1984C
 eMec..32..127B&amp;db_key=AST},
    adsnote = {Provided by the NASA Astrophysics Data System}
}

@ARTICLE{BGT84,
   author = {{Borderies}, N. and {Goldreich}, P. and {Tremaine}, S.},
    title = "{Excitation of inclinations in ring-satellite systems}",
  journal = {\apj},
     year = 1984,
    month = sep,
   volume = 284,
    pages = {429-434},
      doi = {10.1086/162423},
   adsurl = {http://adsabs.harvard.edu/cgi-bin/nph-bib_query?bibcode=
    1984ApJ...284..429B&db_key=AST},
  adsnote = {Provided by the Smithsonian/NASA Astrophysics Data System}
}

@ARTICLE{BGT85,
   author = {{Borderies}, N. and {Goldreich}, P. and {Tremaine}, S.},
    title = "{A granular flow model for dense planetary rings}",
  journal = {Icarus},
     year = 1985,
    month = sep,
   volume = 63,
    pages = {406-420},
      doi = {10.1016/0019-1035(85)90054-5},
   adsurl = {http://adsabs.harvard.edu/abs/1985Icar...63..406B},
  adsnote = {Provided by the Smithsonian/NASA Astrophysics Data System}
}

@ARTICLE{BGT86,
   author = {{Borderies}, N. and {Goldreich}, P. and {Tremaine}, S.},
    title = "{Nonlinear density waves in planetary rings}",
  journal = {Icarus},
 keywords = {DENSITY WAVE MODEL, GRAVITATIONAL EFFECTS, NATURAL SATELLITES, 
         PLANETARY RINGS, WAVE PROPAGATION, ANGULAR MOMENTUM, DENSITY 
         DISTRIBUTION, LUMINOSITY, RESONANCE, STEADY STATE, VISCOSITY},
     year = 1986,
    month = dec,
   volume = 68,
    pages = {522-533},
      doi = {10.1016/0019-1035(86)90054-0},
   adsurl = {http://adsabs.harvard.edu/abs/1986Icar...68..522B},
  adsnote = {Provided by the SAO/NASA Astrophysics Data System}
}

@ARTICLE{BGT89,
   author = {{Borderies}, N. and {Goldreich}, P. and {Tremaine}, S.},
    title = "{The formation of sharp edges in planetary rings by nearby satellites}",
  journal = {Icarus},
 keywords = {MOONLETS, ORBITAL MECHANICS, PLANETARY ORBITS, PLANETARY RINGS, 
             MOMENTUM TRANSFER, OPTICAL THICKNESS, 
             ORBITAL RESONANCES (CELESTIAL MECHANICS), STREAM FUNCTIONS (FLUIDS), 
             TRANSPORT THEORY, PLANETS, RINGS, FORMATION, SATELLITES, SHEPHERD SATELLITES, 
             BOUNDARIES, CALCULATIONS, DIVISIONS, PARTICLES, DENSITY, ANGULAR MOMENTUM, 
             VISCOSITY, STREAMLINES, ENCKE GAP, THEORETICAL STUDIES, STRESS, WAKES, 
             DAMPING},
     year = 1989,
    month = aug,
   volume = 80,
    pages = {344-360},
      doi = {10.1016/0019-1035(89)90145-0},
   adsurl = {http://adsabs.harvard.edu/abs/1989Icar...80..344B},
  adsnote = {Provided by the SAO/NASA Astrophysics Data System}
}

@ARTICLE{BL94,
   author = {{Borderies-Rappaport}, N. and {Longaretti}, P.-Y.},
    title = "{Test particle motion around an oblate planet}",
  journal = {\icarus},
 keywords = {URANUS RINGS, PARTICLE MOTION, DENSITY WAVE MODEL, 
             PLANETARY STRUCTURE, ORBITAL ELEMENTS, GAUSS EQUATION, PERTURBATION THEORY},
     year = 1994,
    month = jan,
   volume = 107,
    pages = {129-+},
      doi = {10.1006/icar.1994.1011},
   adsurl = {http://adsabs.harvard.edu/abs/1994Icar..107..129B},
  adsnote = {Provided by the SAO/NASA Astrophysics Data System}
}

@ARTICLE{Betal02,
    author = {{Bottke}, W.~F. and {Morbidelli}, A. and {Jedicke}, R. and {Petit},
        J. and {Levison}, H.~F. and {Michel}, P. and {Metcalfe}, T.~S.},
    title = "{Debiased Orbital and Absolute Magnitude Distribution of the Near-Earth
        Objects}",
    journal = {Icarus},
    year = 2002,
    month = apr,
    volume = 156,
    pages = {399-433},
    adsurl = {http://adsabs.harvard.edu/cgi-bin/nph-bib_query?bibcode=
        2002Icar..156..399B&amp;db_key=AST},
    adsnote = {Provided by the NASA Astrophysics Data System}
}

@ARTICLE{B63,
    author = {{Brouwer}, D.},
    title = "{The problem of the Kirkwood gaps in the asteroid belt}",
    journal = {\aj},
    year = 1963,
    month = apr,
    volume = 68,
    pages = {152-+},
    adsurl = {http://adsabs.harvard.edu/cgi-bin/nph-bib_query?bibcode=
      1963AJ.....68..152B&amp;db_key=AST},
    adsnote = {Provided by the NASA Astrophysics Data System}
}

@BOOK{BC61,
    author = {{Brouwer}, D. and {Clemence}, G.~M.},
    title = "{Methods of celestial mechanics}",
    publisher = {New York: Academic Press, 1961},
    year = 1961,
    adsurl = {http://adsabs.harvard.edu/cgi-bin/nph-bib_query?bibcode=
       1961mcm..book.....B&db_key=AST},
    adsnote = {Provided by the Smithsonian/NASA Astrophysics Data System}
}

@ARTICLE{B01,
    author = {{Brown}, M.~E.},
    title = "{The Inclination Distribution of the Kuiper Belt}",
    journal = {\aj},
    year = 2001,
    month = may,
    volume = 121,
    pages = {2804-2814},
    adsurl = {http://adsabs.harvard.edu/cgi-bin/nph-bib_query?bibcode=2001
      AJ....121.2804B&amp;db_key=AST},
    adsnote = {Provided by the NASA Astrophysics Data System}
}

@ARTICLE{Betal04,
   author = {{Brown}, M.~E. and {Trujillo}, C. and {Rabinowitz}, D.},
    title = "{Discovery of a Candidate Inner Oort Cloud Planetoid}",
  journal = {\apj},
     year = 2004,
    month = dec,
   volume = 617,
    pages = {645-649},
   adsurl = {http://adsabs.harvard.edu/cgi-bin/nph-bib_query?
             bibcode=2004ApJ...617..645B&db_key=AST},
  adsnote = {Provided by the NASA Astrophysics Data System}
}

@INPROCEEDINGS{BJG11,
   author = {{Brozovic}, M. and {Jacobson}, R.~A. and {Gladman}, B. and {Nicholson}, P.~D. and 
	{Veillet}, C.},
    title = "{Astrometry of the irregular satellites of Jupiter, Saturn, and Uranus}",
booktitle = {AAS/Division of Dynamical Astronomy Meeting \#42},
     year = 2011,
    month = apr,
    pages = {1002},
   adsurl = {http://adsabs.harvard.edu/abs/2011DDA....42.1002B},
  adsnote = {Provided by the SAO/NASA Astrophysics Data System}
}

@ARTICLE{BLS79,
   author = {{Burns}, J.~A. and {Lamy}, P.~L. and {Soter}, S.},
    title = "{Radiation forces on small particles in the solar system}",
  journal = {Icarus},
 keywords = {INTERPLANETARY DUST, PARTICLE MOTION, POYNTING-ROBERTSON EFFECT, 
         RADIATION PRESSURE, SOLAR RADIATION, HEURISTIC METHODS, PRESSURE EFFECTS, 
         RELATIVITY, SOLAR ROTATION, SOLAR SYSTEM, SOLAR WIND},
     year = 1979,
    month = oct,
   volume = 40,
    pages = {1-48},
      doi = {10.1016/0019-1035(79)90050-2},
   adsurl = {http://adsabs.harvard.edu/abs/1979Icar...40....1B},
  adsnote = {Provided by the SAO/NASA Astrophysics Data System}
}

@ARTICLE{Betal05,
   author = {{Burns}, J.~A. and {Hedman}, M.~M. and {Tiscareno}, M.~S. and 
	{Nicholson}, P.~D. and {Streetman}, B.~J. and {Colwell}, J.~E. and 
	{Showalter}, M.~R. and {Murray}, C.~D. and {Cuzzi}, J.~N. and 
	{Porco}, C.~C. and {Cassini ISS Team}},
    title = "{Morphology, Movements and Models of Ringlets in Saturn's Encke Gap}",
  journal = {AAS/Division for Planetary Sciences Meeting Abstracts},
     year = 2005,
    month = aug,
   volume = 37,
    pages = {-+},
   adsurl = {http://adsabs.harvard.edu/cgi-bin/nph-bib_query?bibcode=
    2005DPS....37.6401B&db_key=AST},
  adsnote = {Provided by the Smithsonian/NASA Astrophysics Data System}
}

@ARTICLE{C99,
    author = {{Chambers}, J.~E.},
    title = "{A hybrid symplectic integrator that permits close encounters
       between massive bodies}",
    journal = {\mnras},
    year = 1999,
    month = apr,
    volume = 304,
    pages = {793-799}, 
    adsurl={http://adsabs.harvard.edu/cgi-bin/nph-bib_query?bibcode=1999
      MNRAS.304..793C&amp;db_key=AST},
    adsnote = {Provided by the NASA Astrophysics Data System}
}

@ARTICLE{CB99,
   author = {{Chiang}, E.~I. and {Brown}, M.~E.},
    title = "{Keck Pencil-Beam Survey for Faint Kuiper Belt Objects}",
  journal = {\aj},
     year = 1999,
    month = sep,
   volume = 118,
    pages = {1411-1422},
   adsurl = {http://adsabs.harvard.edu/cgi-bin/nph-bib_query?bibcode=
             1999AJ....118.1411C&amp;db_key=AST},
  adsnote = {Provided by the NASA Astrophysics Data System}
}

@ARTICLE{CG00,
   author = {{Chiang}, E.~I. and {Goldreich}, P.},
    title = "{Apse Alignment of Narrow Eccentric Planetary Rings}",
  journal = {\apj},
   eprint = {arXiv:astro-ph/0004193},
 keywords = {Celestial Mechanics, Stellar Dynamics, Planets and Satellites: 
        Individual: Uranus, Solar System: General},
     year = 2000,
    month = sep,
   volume = 540,
    pages = {1084-1090},
      doi = {10.1086/309372},
   adsurl = {http://adsabs.harvard.edu/abs/2000ApJ...540.1084C},
  adsnote = {Provided by the SAO/NASA Astrophysics Data System}
}

@ARTICLE{CJ02,
    author = {{Chiang}, E.~I. and {Jordan}, A.~B.},
    title = "{On the Plutinos and Twotinos of the Kuiper Belt}",
    journal = {\aj},
    year = 2002,
    month = dec,
    volume = 124,
    pages = {3430-3444},
    adsurl = {http://adsabs.harvard.edu/cgi-bin/nph-bib_query?bibcode=2002
      AJ....124.3430C&amp;db_key=AST},
    adsnote = {Provided by the NASA Astrophysics Data System}
}

@ARTICLE{Cetal03,
    author = {{Chiang}, E.~I. and {Jordan}, A.~B. and {Millis}, R.~L. and 
 {Buie}, M.~W. and {Wasserman}, L.~H. and {Elliot}, J.~L. and 
 {Kern}, S.~D. and {Trilling}, D.~E. and {Meech}, K.~J. and {Wagner}, R.~M.
 },
    title = "{Resonance Occupation in the Kuiper Belt: Case Examples of the 5:2 and
      Trojan Resonances}",
    journal = {\aj},
    year = 2003,
    month = jul,
    volume = 126,
    pages = {430-443},
    adsurl = {http://adsabs.harvard.edu/cgi-bin/nph-bib_query?bibcode=2003
      AJ....126..430C&amp;db_key=AST},
    adsnote = {Provided by the NASA Astrophysics Data System}
}

@ARTICLE{CKA03,
   author = {{Clampin}, M. and {Krist}, J.~E. and {Ardila}, D.~R. and 
        {Golimowski}, D.~A. and 
	{Hartig}, G.~F. and {Ford}, H.~C. and {Illingworth}, G.~D. and 
	{Bartko}, F. and {Ben{\'{\i}}tez}, N. and {Blakeslee}, J.~P. and 
	{Bouwens}, R.~J. and {Broadhurst}, T.~J. and {Brown}, R.~A. and 
	{Burrows}, C.~J. and {Cheng}, E.~S. and {Cross}, N.~J.~G. and 
	{Feldman}, P.~D. and {Franx}, M. and {Gronwall}, C. and {Infante}, L. and 
	{Kimble}, R.~A. and {Lesser}, M.~P. and {Martel}, A.~R. and 
	{Menanteau}, F. and {Meurer}, G.~R. and {Miley}, G.~K. and {Postman}, M. and 
	{Rosati}, P. and {Sirianni}, M. and {Sparks}, W.~B. and {Tran}, H.~D. and 
	{Tsvetanov}, Z.~I. and {White}, R.~L. and {Zheng}, W.},
    title = "{Hubble Space Telescope ACS Coronagraphic Imaging of the 
             Circumstellar Disk around HD 141569A}",
  journal = {\aj},
   eprint = {arXiv:astro-ph/0303605},
 keywords = {Stars: Circumstellar Matter, stars: individual (HD 141569A), 
            Stars: Pre-Main-Sequence},
     year = 2003,
    month = jul,
   volume = 126,
    pages = {385-392},
      doi = {10.1086/375460},
   adsurl = {http://adsabs.harvard.edu/abs/2003AJ....126..385C},
  adsnote = {Provided by the SAO/NASA Astrophysics Data System}
}

@BOOK{CC07,
   author = {{Clarke}, C.~J. and {Carswell}, R.~F.},
    title = "{Principles of Astrophysical Fluid Dynamics}",
    publisher = {Cambridge, Cambridge University Press},
     year = 2007,
    month = nov,
      doi = {10.2277/0521853311},
   adsurl = {http://adsabs.harvard.edu/abs/2003pafd.book.....C},
  adsnote = {Provided by the SAO/NASA Astrophysics Data System}
}

@ARTICLE{CES07,
   author = {{Colwell}, J.~E. and {Esposito}, L.~W. and {Srem{\v c}evi{\'c}}, M. and 
	{Stewart}, G.~R. and {McClintock}, W.~E.},
    title = "{Self-gravity wakes and radial structure of Saturn's B ring}",
  journal = {Icarus},
     year = 2007,
    month = sep,
   volume = 190,
    pages = {127-144},
      doi = {10.1016/j.icarus.2007.03.018},
   adsurl = {http://adsabs.harvard.edu/abs/2007Icar..190..127C},
  adsnote = {Provided by the SAO/NASA Astrophysics Data System}
}

@ARTICLE{CVL97,
   author = {{Crifo}, F. and {Vidal-Madjar}, A. and {Lallement}, R. and {Ferlet}, 
         R. and {Gerbaldi}, M.},
    title = "{{$\beta$} Pictoris revisited by Hipparcos. Star properties.}",
  journal = {\aap},
 keywords = {STARS: CIRCUMSTELLAR MATTER, STARS: INDIVIDUAL: $\{$BETA$\}$ PICTORIS},
     year = 1997,
    month = apr,
   volume = 320,
    pages = {L29-L32},
   adsurl = {http://adsabs.harvard.edu/abs/1997A%26A...320L..29C},
  adsnote = {Provided by the SAO/NASA Astrophysics Data System}
}

@INPROCEEDINGS{CLE84,
   author = {{Cuzzi}, J.~N. and {Lissauer}, J.~J. and {Esposito}, L.~W. and 
	{Holberg}, J.~B. and {Marouf}, E.~A. and {Tyler}, G.~L. and 
	{Boishchot}, A.},
    title = "{Saturn's rings - Properties and processes}",
 keywords = {PLANETARY STRUCTURE, SATELLITE OBSERVATION, SATURN RINGS, CHARGED PARTICLES, DENSITY WAVE MODEL, GRAVITATIONAL EFFECTS, MICROWAVE SOUNDING, OPTICAL PROPERTIES, ORBITAL MECHANICS, ORBITAL RESONANCES (CELESTIAL MECHANICS), PARTICLE COLLISIONS, PARTICLE DENSITY (CONCENTRATION), PARTICLE SIZE DISTRIBUTION, SATURN SATELLITES, THERMAL EMISSION, VOYAGER PROJECT},
booktitle = {IAU Colloq. 75: Planetary Rings},
     year = 1984,
   editor = "{R.~Greenberg \& A.~Brahic}",
    pages = {73-199},
   adsurl = {http://adsabs.harvard.edu/abs/1984prin.conf...73C},
  adsnote = {Provided by the SAO/NASA Astrophysics Data System}
}

@ARTICLE{CBC10,
   author = {{Cuzzi}, J.~N. and {Burns}, J.~A. and {Charnoz}, S. and {Clark}, R.~N. and 
	{Colwell}, J.~E. and {Dones}, L. and {Esposito}, L.~W. and {Filacchione}, G. and 
	{French}, R.~G. and {Hedman}, M.~M. and {Kempf}, S. and {Marouf}, E.~A. and 
	{Murray}, C.~D. and {Nicholson}, P.~D. and {Porco}, C.~C. and 
	{Schmidt}, J. and {Showalter}, M.~R. and {Spilker}, L.~J. and 
	{Spitale}, J.~N. and {Srama}, R. and {Srem{\v c}evi{\'c}}, M. and 
	{Tiscareno}, M.~S. and {Weiss}, J.},
    title = "{An Evolving View of Saturn{\rsquo}s Dynamic Rings}",
  journal = {Science},
     year = 2010,
    month = mar,
   volume = 327,
    pages = {1470-},
      doi = {10.1126/science.1179118},
   adsurl = {http://adsabs.harvard.edu/abs/2010Sci...327.1470C},
  adsnote = {Provided by the SAO/NASA Astrophysics Data System}
}

@ARTICLE{DTI01,
   author = {{Daisaka}, H. and {Tanaka}, H. and {Ida}, S.},
    title = "{Viscosity in a Dense Planetary Ring with Self-Gravitating Particles}",
  journal = {Icarus},
     year = 2001,
    month = dec,
   volume = 154,
    pages = {296-312},
      doi = {10.1006/icar.2001.6716},
   adsurl = {http://adsabs.harvard.edu/abs/2001Icar..154..296D},
  adsnote = {Provided by the Smithsonian/NASA Astrophysics Data System}
}

@BOOK{D92,
   author = {{Danby}, J.~M.~A.},
    title = "{Fundamentals of celestial mechanics}",
booktitle = {Richmond: Willman-Bell, |c1992, 2nd ed.},
     year = 1992,
 publisher = {Richmond, VA:Willmann-Bell}, 
   adsurl = {http://adsabs.harvard.edu/abs/1992fcm..book.....D},
  adsnote = {Provided by the SAO/NASA Astrophysics Data System}
}

@ARTICLE{DF97,
   author = {{Davis}, D.~R. and {Farinella}, P.},
    title = "{Collisional Evolution of Edgeworth-Kuiper Belt Objects}",
  journal = {Icarus},
     year = 1997,
    month = jan,
   volume = 125,
    pages = {50-60},
   adsurl = {http://adsabs.harvard.edu/cgi-bin/nph-bib_query?bibcode=
             1997Icar..125...50D&amp;db_key=AST},
  adsnote = {Provided by the NASA Astrophysics Data System}
}

@ARTICLE{DMM88,
   author = {{Dermott}, S.~F. and {Malhotra}, R. and {Murray}, C.~D.},
    title = "{Dynamics of the Uranian and Saturnian satellite systems - 
              A chaotic route to melting Miranda?}",
  journal = {Icarus},
     year = 1988,
    month = nov,
   volume = 76,
    pages = {295-334},
   adsurl = {http://adsabs.harvard.edu/cgi-bin/nph-bib_query?bibcode=
             1988Icar...76..295D&db_key=AST},
  adsnote = {Provided by the NASA Astrophysics Data System}
}

@ARTICLE{D69,
    author = {{Dohnanyi}, J.~W.},
    title = "{Collisional models of asteroids and their debris}",
    journal = {\jgr},
    year = 1969,
    volume = 74,
    number = 13,
    pages = {2531-2554},
    adsurl = {http://adsabs.harvard.edu/cgi-bin/nph-bib_query?bibcode=
       1969JGR....74.2531D&amp;db_key=AST},
    adsnote = {Provided by the NASA Astrophysics Data System}
}

@ARTICLE{DVF09,
   author = {{Dodson-Robinson}, S.~E. and {Veras}, D. and {Ford}, E.~B. and 
	{Beichman}, C.~A.},
    title = "{The Formation Mechanism of Gas Giants on Wide Orbits}",
  journal = {\apj},
archivePrefix = "arXiv",
   eprint = {0909.2662},
 keywords = {accretion, accretion disks, instabilities, planetary systems, planetary systems: formation, stars: formation},
     year = 2009,
    month = dec,
   volume = 707,
    pages = {79-88},
      doi = {10.1088/0004-637X/707/1/79},
   adsurl = {http://adsabs.harvard.edu/abs/2009ApJ...707...79D},
  adsnote = {Provided by the SAO/NASA Astrophysics Data System}
}

@ARTICLE{DLB95,
    author = {{Duncan}, M.~J. and {Levison}, H.~F. and {Budd}, S.~M.},
    title = "{The Dynamical Structure of the Kuiper Belt}",
    journal = {\aj},
    year = 1995,
    month = dec,
    volume = 110,
    pages = {3073-+},
    adsurl = {http://adsabs.harvard.edu/cgi-bin/nph-bib_query?bibcode=
       1995AJ....110.3073D&amp;db_key=AST},
    adsnote = {Provided by the NASA Astrophysics Data System}
}

@ARTICLE{DL97,
   author = {{Duncan}, M.~J. and {Levison}, H.~F.},
    title = "{A scattered comet disk and the origin of Jupiter family comets}",
  journal = {Science},
     year = 1997,
   volume = 276,
    pages = {1670-1672},
   adsurl = {http://adsabs.harvard.edu/cgi-bin/nph-bib_query?bibcode=
      1997Sci...276.1670D&amp;db_key=AST},
  adsnote = {Provided by the NASA Astrophysics Data System}
}

@ARTICLE{DLL98,
   author = {{Duncan}, M.~J. and {Levison}, H.~F. and {Lee}, M.~H.},
    title = "{A Multiple Time Step Symplectic Algorithm for Integrating Close Encounters}",
  journal = {\aj},
 keywords = {CELESTIAL MECHANICS, STELLAR DYNAMICS, METHODS: NUMERICAL, 
             STARS: PLANETARY SYSTEMS, SOLAR SYSTEM: GENERAL},
     year = 1998,
    month = oct,
   volume = 116,
    pages = {2067-2077},
      doi = {10.1086/300541},
   adsurl = {http://adsabs.harvard.edu/abs/1998AJ....116.2067D},
  adsnote = {Provided by the SAO/NASA Astrophysics Data System}
}

@ARTICLE{DD97,
   author = {{Durda}, D.~D. and {Dermott}, S.~F.},
    title = "{The Collisional Evolution of the Asteroid Belt and Its 
               Contribution to the Zodiacal Cloud}",
  journal = {Icarus},
     year = 1997,
    month = nov,
   volume = 130,
    pages = {140-164},
      doi = {10.1006/icar.1997.5803},
   adsurl = {http://adsabs.harvard.edu/abs/1997Icar..130..140D},
  adsnote = {Provided by the SAO/NASA Astrophysics Data System}
}

@ARTICLE{DBM07,
   author = {{Durisen}, R.~H. and {Boss}, A.~P. and {Mayer}, L. and {Nelson}, 
        A.~F. and {Quinn}, T. and {Rice}, W.~K.~M.},
    title = "{Gravitational Instabilities in Gaseous Protoplanetary Disks and 
              Implications for Giant Planet Formation}",
  journal = {Protostars and Planets V},
   eprint = {arXiv:astro-ph/0603179},
     year = 2007,
    pages = {607-622},
   adsurl = {http://adsabs.harvard.edu/abs/2007prpl.conf..607D},
  adsnote = {Provided by the SAO/NASA Astrophysics Data System}
}

@ARTICLE{Eetal05,
   author = {{Elliot}, J.~L. and {Kern}, S.~D. and {Clancy}, K.~B. and {Gulbis}, 
                           A.~A.~S. and 
 {Millis}, R.~L. and {Buie}, M.~W. and {Wasserman}, L.~H. and 
 {Chiang}, E.~I. and {Jordan}, A.~B. and {Trilling}, D.~E. and 
 {Meech}, K.~J.},
    title = "{The Deep Ecliptic Survey: A Search for Kuiper Belt Objects and 
      Centaurs. II. Dynamical Classification, the Kuiper Belt Plane, and the Core 
      Population}",
  journal = {\aj},
     year = 2005,
    month = feb,
   volume = 129,
    pages = {1117-1162},
   adsurl = {http://adsabs.harvard.edu/cgi-bin/nph-bib_query?bibcode=
     2005AJ....129.1117E&db_key=AST},
  adsnote = {Provided by the NASA Astrophysics Data System}
}

@ARTICLE{FI84,
   author = {{Fernandez}, J.~A. and {Ip}, W.-H.},
    title = "{Some dynamical aspects of the accretion of Uranus and 
      Neptune - The exchange of orbital angular momentum with planetesimals}",
  journal = {Icarus},
     year = 1984,
    month = apr,
   volume = 58,
    pages = {109-120},
   adsurl = {http://adsabs.harvard.edu/cgi-bin/nph-bib_query?bibcode=1984Icar...58..109F&amp;db_key=AST},
  adsnote = {Provided by the NASA Astrophysics Data System}
}

@ARTICLE{F00,
    author = {{Fern{\' a}ndez}, J.~A. and {Brunini}, A.},
    title = "{The buildup of a tightly bound comet cloud around an early Sun 
       immersed in a dense Galactic environment: Numerical experiments}",
    journal = {Icarus},
    year = 2000,
    month = jun,
    volume = 145,
    pages = {580-590},
    adsurl = {http://adsabs.harvard.edu/cgi-bin/nph-bib_query?bibcode=
       2000Icar..145..580F&amp;db_key=AST},
    adsnote = {Provided by the NASA Astrophysics Data System}
}

@ARTICLE{FLSH04,
   author = {{Franklin}, F.~A. and {Lewis}, N.~K. and {Soper}, P.~R. and 
 {Holman}, M.~J.},
    title = "{Hilda Asteroids as Possible Probes of Jovian Migration}",
  journal = {\aj},
     year = 2004,
    month = sep,
   volume = 128,
    pages = {1391-1406},
   adsurl = {http://adsabs.harvard.edu/cgi-bin/nph-bib_query?bibcode=
     2004AJ....128.1391F&amp;db_key=AST},
  adsnote = {Provided by the NASA Astrophysics Data System}
}

@ARTICLE{FN00,
   author = {{French}, R.~G. and {Nicholson}, P.~D.},
    title = "{Saturn's Rings II. Particle sizes inferred from stellar occultation data}",
  journal = {Icarus},
     year = 2000,
    month = jun,
   volume = 145,
    pages = {502-523},
      doi = {10.1006/icar.2000.6357},
   adsurl = {http://adsabs.harvard.edu/abs/2000Icar..145..502F},
  adsnote = {Provided by the SAO/NASA Astrophysics Data System}
}

@ARTICLE{FMR10,
   author = {{French}, R.~G. and {Marouf}, E.~A. and {Rappaport}, N.~J. and 
	{McGhee}, C.~A.},
    title = "{Occultation Observations of Saturn's B Ring and Cassini Division}",
  journal = {\aj},
 keywords = {planets and satellites: rings},
     year = 2010,
    month = apr,
   volume = 139,
    pages = {1649-1667},
      doi = {10.1088/0004-6256/139/4/1649},
   adsurl = {http://adsabs.harvard.edu/abs/2010AJ....139.1649F},
  adsnote = {Provided by the SAO/NASA Astrophysics Data System}
}

@INPROCEEDINGS{FNC11,
   author = {{French}, R.~G. and {Nicholson}, P.~D. and {Colwell}, J. and 
	{Marouf}, E.~A. and {Rappaport}, N.~J. and {Hedman}, M. and 
	{Lonergan}, K. and {McGhee-French}, C. and {Sepersky}, T.},
    title = "{Noncircular features in Saturn's RIngs: I. The Cassini Division}",
booktitle = {EPSC-DPS Joint Meeting 2011},
     year = 2011,
    month = oct,
    pages = {624},
   adsurl = {http://adsabs.harvard.edu/abs/2011epsc.conf..624F},
  adsnote = {Provided by the SAO/NASA Astrophysics Data System}
}

@ARTICLE{Fetal16,
       author = {{French}, Richard G. and {Nicholson}, Philip D. and {McGhee-French}, Colleen A. and {Lonergan}, Katherine and {Sepersky}, Talia and {Hedman}, Mathew M. and {Marouf}, Essam A. and {Colwell}, Joshua E.},
        title = "{Noncircular features in Saturn's rings III: The Cassini Division}",
      journal = {\icarus},
     keywords = {Occultations, Planetary rings, Earth Science},
         year = 2016,
        month = aug,
       volume = {274},
        pages = {131-162},
          doi = {10.1016/j.icarus.2016.03.017},
       adsurl = {https://ui.adsabs.harvard.edu/abs/2016Icar..274..131F},
      adsnote = {Provided by the SAO/NASA Astrophysics Data System}
}

@ARTICLE{Fetal16B,
       author = {{French}, Richard G. and {Nicholson}, Philip D. and {Hedman}, Mathew M. and {Hahn}, Joseph M. and {McGhee-French}, Colleen A. and {Colwell}, Joshua E. and {Marouf}, Essam A. and {Rappaport}, Nicole J.},
        title = "{Deciphering the embedded wave in Saturn's Maxwell ringlet}",
      journal = {\icarus},
     keywords = {Occultations, Saturn, rings, Planetary rings, Resonances, interior},
         year = 2016,
        month = nov,
       volume = {279},
        pages = {62-77},
          doi = {10.1016/j.icarus.2015.08.020},
       adsurl = {https://ui.adsabs.harvard.edu/abs/2016Icar..279...62F},
      adsnote = {Provided by the SAO/NASA Astrophysics Data System}
}

@ARTICLE{GKNLB98,
    author = {{Gladman}, B. and {Kavelaars}, J.~J. and {Nicholson}, P.~D. and 
 {Loredo}, T.~J. and {Burns}, J.~A.},
    title = "{Pencil-Beam Surveys for Faint Trans-Neptunian Objects}",
    journal = {\aj},
    year = 1998,
    month = oct,
    volume = 116,
    pages = {2042-2054},
    adsurl = {http://adsabs.harvard.edu/cgi-bin/nph-bib_query?bibcode=
       1998AJ....116.2042G&amp;db_key=AST},
    adsnote = {Provided by the NASA Astrophysics Data System}
}

@ARTICLE{Getal02,
    author = {{Gladman}, B. and {Holman}, M. and {Grav}, T. and {Kavelaars}, J. and 
 {Nicholson}, P. and {Aksnes}, K. and {Petit}, J.-M.},
    title = "{Evidence for an Extended Scattered Disk}",
    journal = {Icarus},
    year = 2002,
    month = jun,
    volume = 157,
    pages = {269-279},
    adsurl = {http://adsabs.harvard.edu/cgi-bin/nph-bib_query?bibcode=2002
      Icar..157..269G&amp;db_key=AST},
    adsnote = {Provided by the NASA Astrophysics Data System}
}

@ARTICLE{GP87,
   author = {{Goldreich}, P. and {Porco}, C.~C.},
    title = "{Shepherding of the Uranian Rings. II. Dynamics}",
  journal = {\aj},
 keywords = {PLANETS: SATELLITES, PLANETS: URANUS, URANUS, RINGS, 
        SHEPHERD SATELLITES, DYNAMICS, TORQUE, 1986U7, 1986U8, EPSILON RING, 
        DELTA RING, GAMMA RING, PHYSICAL PROPERTIES, LUMINOSITY, 
       ANGULAR MOMENTUM, FLUX, ECCENTRICITY, DENSITY WAVES, ATMOSPHERE, 
       DRAG, ALPHA RING, BETA RING, OPTICAL PROPERTIES, DEPTH, GRAVITY EFFECTS, 
      THEORETICAL STUDIES, MASS, CALCULATIONS},
     year = 1987,
    month = mar,
   volume = 93,
    pages = {730-+},
      doi = {10.1086/114355},
   adsurl = {http://adsabs.harvard.edu/abs/1987AJ.....93..730G},
  adsnote = {Provided by the SAO/NASA Astrophysics Data System}
}

@ARTICLE{GT78,
   author = {{Goldreich}, P. and {Tremaine}, S.},
    title = "{The formation of the Cassini division in Saturn's rings}",
  journal = {Icarus},
 keywords = {CELESTIAL MECHANICS, GRAVITATIONAL EFFECTS, ORBIT PERTURBATION, 
                       SATURN RINGS, DENSITY WAVE MODEL, FORCED VIBRATION, 
                        MATHEMATICAL MODELS, NATURAL SATELLITES, RESONANT VIBRATION, 
                      PARICLES, VELOCITY, CASSINI DIVISION, SATURN, RINGS, MIMAS, 
                      RESONANCE, SATELLITES, FORMATION OF, DENSITY PERTURBATIONS},
     year = 1978,
    month = may,
   volume = 34,
    pages = {240-253},
      doi = {10.1016/0019-1035(78)90165-3},
   adsurl = {http://adsabs.harvard.edu/abs/1978Icar...34..240G},
  adsnote = {Provided by the SAO/NASA Astrophysics Data System}
}

@ARTICLE{GT79,
   author = {{Goldreich}, P. and {Tremaine}, S.},
    title = "{Precession of the epsilon ring of Uranus}",
  journal = {\aj},
 keywords = {GRAVITATIONAL EFFECTS, PRECESSION, URANUS RINGS, ELLIPSES, KEPLER LAWS, 
       NATURAL SATELLITES, PARTICLE COLLISIONS, URANUS, RINGS, QUADRUPOLE MOMENTS, MASS, 
        DENSITY, ECCENTRICITY, GRAVITY, SATELLITES, PRECESSION, PARTICLES, COLLISIONS, 
      PRESSURE, GRADIENTS},
     year = 1979,
    month = oct,
   volume = 84,
    pages = {1638-1641},
      doi = {10.1086/112587},
   adsurl = {http://adsabs.harvard.edu/abs/1979AJ.....84.1638G},
  adsnote = {Provided by the SAO/NASA Astrophysics Data System}
}

@ARTICLE{GT79c,
   author = {{Goldreich}, P. and {Tremaine}, S.},
    title = "{Towards a theory for the Uranian rings }",
  journal = {\nat},
     year = 1979,
    month = jan,
   volume = 277,
    pages = {97-99},
      doi = {10.1038/277097a0},
}

@ARTICLE{GT81,
   author = {{Goldreich}, P. and {Tremaine}, S.},
    title = "{The origin of the eccentricities of the rings of Uranus}",
  journal = {\apj},
     year = 1981,
    month = feb,
   volume = 243,
    pages = {1062-1075},
      doi = {10.1086/158671},
   adsurl = {http://adsabs.harvard.edu/abs/1981ApJ...243.1062G},
  adsnote = {Provided by the Smithsonian/NASA Astrophysics Data System}
}

@ARTICLE{GT82,
   author = {{Goldreich}, P. and {Tremaine}, S.},
    title = "{The dynamics of planetary rings}",
  journal = {\araa},
     year = 1982,
   volume = 20,
    pages = {249-283},
      doi = {10.1146/annurev.aa.20.090182.001341},
   adsurl = {http://adsabs.harvard.edu/abs/1982ARA%26A..20..249G},
  adsnote = {Provided by the Smithsonian/NASA Astrophysics Data System}
}

@ARTICLE{GS03,
   author = {{Goldreich}, P. and {Sari}, R.},
    title = "{Eccentricity Evolution for Planets in Gaseous Disks}",
  journal = {\apj},
   eprint = {astro-ph/0202462},
     year = 2003,
    month = mar,
   volume = 585,
    pages = {1024-1037},
      doi = {10.1086/346202},
   adsurl = {http://adsabs.harvard.edu/cgi-bin/nph-bib_query?bibcode=2003ApJ...585.1024G&db_key=AST},
  adsnote = {Provided by the Smithsonian/NASA Astrophysics Data System}
}

@ARTICLE{Getal95,
       author = {{Goldreich}, Peter and {Rappaport}, Nicole and {Sicardy}, Bruno},
        title = "{Single sided shepherding.}",
      journal = {\icarus},
         year = 1995,
        month = dec,
       volume = {118},
       number = {2},
        pages = {414-417},
          doi = {10.1006/icar.1995.1200},
       adsurl = {https://ui.adsabs.harvard.edu/abs/1995Icar..118..414G},
      adsnote = {Provided by the SAO/NASA Astrophysics Data System}
}

@BOOK{G80,
   author = {{Goldstein}, H.},
    title = "{Classical mechanics (2nd ed.)}",
     year = 1980,
 publisher = {Reading, Massachusetts:Addison-Wesley}, 
   adsurl = {http://adsabs.harvard.edu/abs/2002clme.book.....G},
  adsnote = {Provided by the SAO/NASA Astrophysics Data System}
}

@ARTICLE{GAK06,
   author = {{Golimowski}, D.~A. and {Ardila}, D.~R. and {Krist}, J.~E. and 
	{Clampin}, M. and {Ford}, H.~C. and {Illingworth}, G.~D. and 
	{Bartko}, F. and {Ben{\'{\i}}tez}, N. and {Blakeslee}, J.~P. and 
	{Bouwens}, R.~J. and {Bradley}, L.~D. and {Broadhurst}, T.~J. and 
	{Brown}, R.~A. and {Burrows}, C.~J. and {Cheng}, E.~S. and {Cross}, N.~J.~G. 
        and 
	{Demarco}, R. and {Feldman}, P.~D. and {Franx}, M. and {Goto}, T. and 
	{Gronwall}, C. and {Hartig}, G.~F. and {Holden}, B.~P. and {Homeier}, N.~L. and
	{Infante}, L. and {Jee}, M.~J. and {Kimble}, R.~A. and {Lesser}, M.~P. and 
	{Martel}, A.~R. and {Mei}, S. and {Menanteau}, F. and {Meurer}, G.~R. and 
	{Miley}, G.~K. and {Motta}, V. and {Postman}, M. and {Rosati}, P. and 
	{Sirianni}, M. and {Sparks}, W.~B. and {Tran}, H.~D. and {Tsvetanov}, Z.~I. and
	{White}, R.~L. and {Zheng}, W. and {Zirm}, A.~W.},
    title = "{Hubble Space Telescope ACS Multiband Coronagraphic Imaging of the 
              Debris Disk around {$\beta$} Pictoris}",
  journal = {\aj},
   eprint = {arXiv:astro-ph/0602292},
 keywords = {Stars: Circumstellar Matter, Stars: Planetary Systems: Formation, 
             Stars: Planetary Systems: Protoplanetary Disks, Stars: Individual: 
             Constellation Name: {$\beta$} Pictoris},
     year = 2006,
    month = jun,
   volume = 131,
    pages = {3109-3130},
      doi = {10.1086/503801},
   adsurl = {http://adsabs.harvard.edu/abs/2006AJ....131.3109G},
  adsnote = {Provided by the SAO/NASA Astrophysics Data System}
}

@ARTICLE{G97,
   author = {{Gomes}, R.~S.},
    title = "{Orbital Evolution in Resonance Lock.I.The Restricted 3-Body 
       Problem}",
  journal = {\aj},
     year = 1997,
    month = nov,
   volume = 114,
    pages = {2166-+},
   adsurl = {http://adsabs.harvard.edu/cgi-bin/nph-bib_query?bibcode=
             1997AJ....114.2166G&db_key=AST},
  adsnote = {Provided by the NASA Astrophysics Data System}
}

@ARTICLE{G03,
    author = {{Gomes}, R.~S.},
    title = "{The origin of the Kuiper Belt high-inclination population}",
    journal = {Icarus},
    year = 2003,
    month = feb,
    volume = 161,
    pages = {404-418},
    adsurl = {http://adsabs.harvard.edu/cgi-bin/nph-bib_query?bibcode=
       2003Icar..161..404G&amp;db_key=AST},
    adsnote = {Provided by the NASA Astrophysics Data System}
}

@ARTICLE{GML04,
   author = {{Gomes}, R.~S. and {Morbidelli}, A. and {Levison}, H.~F.},
    title = "{Planetary migration in a planetesimal disk: why did Neptune stop
       at 30 AU?}",
  journal = {Icarus},
     year = 2004,
    month = aug,
   volume = 170,
    pages = {492-507},
   adsurl = {http://adsabs.harvard.edu/cgi-bin/nph-bib_query?bibcode=2004
      Icar..170..492G&amp;db_key=AST},
  adsnote = {Provided by the NASA Astrophysics Data System}
}

@ARTICLE{GLT05,
   author = {{Gomes}, R. and {Levison}, H.~F. and {Tsiganis}, K. and {Morbidelli}, A.
	},
    title = "{Origin of the cataclysmic Late Heavy Bombardment period of the terrestrial planets}",
  journal = {\nat},
     year = 2005,
    month = may,
   volume = 435,
    pages = {466-469},
      doi = {10.1038/nature03676},
   adsurl = {http://adsabs.harvard.edu/abs/2005Natur.435..466G},
  adsnote = {Provided by the SAO/NASA Astrophysics Data System}
}

@UNPUBLIHSED{GNS05,
    author = {{Grundy}, W.~M. and {Noll}, K.~S. and {Stephens}, D.~C.},
    title = "{Diverse Albedos of Small Trans--Neptunian Objects}",
    note = "{submitted to {\it Icarus Notes}}",
    year = 2005,
}

@ARTICLE{HWR95,
   author = {{Hahn}, J.~M. and {Ward}, W.~R. and {Rettig}, T.~W.},
    title = "{Resonant trapping in a self-gravitating planetesimal disk.}",
  journal = {Icarus},
     year = 1995,
    month = sep,
   volume = 117,
    pages = {25-44},
      doi = {10.1006/icar.1995.1140},
   adsurl = {http://adsabs.harvard.edu/abs/1995Icar..117...25H},
  adsnote = {Provided by the SAO/NASA Astrophysics Data System}
}

@INPROCEEDINGS{HW95,
    author = {{Hahn}, J.~M. and {Ward}, W.~R.},
    title = "{Resonance Passage Via Collisions}",
    booktitle = {Lunar and Planetary Institute Conference Abstracts},
    year = 1995,
    pages = {541},
    adsurl = {http://adsabs.harvard.edu/cgi-bin/nph-bib_query?bibcode=1995
      LPI....26..541H&amp;db_key=AST},
    adsnote = {Provided by the NASA Astrophysics Data System}
}

@ARTICLE{HM99,
    author = {{Hahn}, J.~M. and {Malhotra}, R.},
    title = "{Orbital Evolution of Planets Embedded in a Planetesimal Disk}",
    journal = {\aj},
    year = 1999,
    month = jun,
    volume = 117,
    pages = {3041-3053},
    adsurl = {http://adsabs.harvard.edu/cgi-bin/nph-bib_query?bibcode=
       1999AJ....117.3041H&amp;db_key=AST},
    adsnote = {Provided by the NASA Astrophysics Data System}
}

@ARTICLE{H07,
   author = {{Hahn}, J.~M.},
    title = "{The Secular Evolution of a Close Ring-Satellite System:
        The Excitation of Spiral Bending Waves at a Nearby Gap Edge}",
  journal = {\apj},
   eprint = {arXiv:0705.3797},
     year = 2007,
    month = aug,
   volume = 665,
    pages = {856-865},
      doi = {10.1086/519275},
   adsurl = {http://adsabs.harvard.edu/abs/2007ApJ...665..856H},
  adsnote = {Provided by the Smithsonian/NASA Astrophysics Data System}
}

@INPROCEEDINGS{HW02,
   author = {{Hahn}, J.~M. and {Ward}, W.~R.},
    title = "{Secular Resonance Sweeping in a Self-gravitating Planetesimal 
  Disk, with Application to the Kuiper Belt}",
booktitle = {Lunar and Planetary Institute Conference Abstracts},
     year = 2002,
    month = mar,
    pages = {1930-+},
   adsurl = {http://adsabs.harvard.edu/cgi-bin/nph-bib_query?bibcode=
  2002LPI....33.1930H&amp;db_key=AST},
  adsnote = {Provided by the NASA Astrophysics Data System}
}

@ARTICLE{HZC02,
   author = {{Hahn}, J.~M. and {Zook}, H.~A. and {Cooper}, B. and {Sunkara}, B.
	},
    title = "{Clementine Observations of the Zodiacal Light and the Dust Content 
              of the Inner Solar System}",
  journal = {Icarus},
   eprint = {arXiv:astro-ph/0204111},
     year = 2002,
    month = aug,
   volume = 158,
    pages = {360-378},
      doi = {10.1006/icar.2002.6881},
   adsurl = {http://adsabs.harvard.edu/abs/2002Icar..158..360H},
  adsnote = {Provided by the SAO/NASA Astrophysics Data System}
}


@ARTICLE{H03,
   author = {{Hahn}, J.~M.},
    title = "{The Secular Evolution of the Primordial Kuiper Belt}",
  journal = {\apj},
     year = 2003,
    month = sep,
   volume = 595,
    pages = {531-549},
      doi = {10.1086/377195},
   adsurl = {http://adsabs.harvard.edu/cgi-bin/nph-bib_query?bibcode=
             2003ApJ...595..531H&db_key=AST},
  adsnote = {Provided by the Smithsonian/NASA Astrophysics Data System}
}

@INPROCEEDINGS{H09,
   author = {{Hahn}, J.~M.},
    title = "{Eccentric Birth Rings, Asymmetric Debris Disks, and HD 15115}",
booktitle = {AAS/Division of Dynamical Astronomy Meeting},
     year = 2009,
   series = {AAS/Division of Dynamical Astronomy Meeting},
   volume = 40,
    month = may,
    pages = {\#06.12-+},
   adsurl = {http://adsabs.harvard.edu/abs/2009DDA....40.0612H},
  adsnote = {Provided by the SAO/NASA Astrophysics Data System}
}

@ARTICLE{HSP09,
   author = {{Hahn}, J.~M. and {Spitale}, J.~N. and {Porco}, C.~C.},
    title = "{Dynamics of the Sharp Edges of Broad Planetary Rings}",
  journal = {\apj},
archivePrefix = "arXiv",
   eprint = {0904.0743},
 primaryClass = "astro-ph.EP",
 keywords = {planets: rings},
     year = 2009,
    month = jul,
   volume = 699,
    pages = {686-710},
      doi = {10.1088/0004-637X/699/1/686},
   adsurl = {http://adsabs.harvard.edu/abs/2009ApJ...699..686H},
  adsnote = {Provided by the SAO/NASA Astrophysics Data System}
}

@ARTICLE{HS13,
   author = {{Hahn}, J.~M. and {Spitale}, J.~N.},
    title = "{An N-body Integrator for Gravitating Planetary Rings, and the Outer Edge of Saturn's B Ring}",
  journal = {\apj},
archivePrefix = "arXiv",
   eprint = {1306.1135},
 primaryClass = "astro-ph.EP",
 keywords = {planets and satellites: rings},
     year = 2013,
    month = aug,
   volume = 772,
      eid = {122},
    pages = {122},
      doi = {10.1088/0004-637X/772/2/122},
   adsurl = {http://adsabs.harvard.edu/abs/2013ApJ...772..122H},
  adsnote = {Provided by the SAO/NASA Astrophysics Data System}
}

@ARTICLE{HLL00,
   author = {{Heap}, S.~R. and {Lindler}, D.~J. and {Lanz}, T.~M. and {Cornett}, R.~H. and 
	{Hubeny}, I. and {Maran}, S.~P. and {Woodgate}, B.},
    title = "{Space Telescope Imaging Spectrograph Coronagraphic 
    Observations of {$\beta$} Pictoris}",
  journal = {\apj},
 keywords = {Accretion, Accretion Disks, Stars: Circumstellar Matter, Stars: Planetary Systems,
    Stars: Imaging, stars: individual ({$\beta$} Pictoris)},
     year = 2000,
    month = aug,
   volume = 539,
    pages = {435-444},
      doi = {10.1086/309188},
   adsurl = {http://adsabs.harvard.edu/abs/2000ApJ...539..435H},
  adsnote = {Provided by the SAO/NASA Astrophysics Data System}
}

@ARTICLE{HBS07,
   author = {{Hedman}, M.~M. and {Burns}, J.~A. and {Showalter}, M.~R. and 
	{Porco}, C.~C. and {Nicholson}, P.~D. and {Bosh}, A.~S. and 
	{Tiscareno}, M.~S. and {Brown}, R.~H. and {Buratti}, B.~J. and 
	{Baines}, K.~H. and {Clark}, R.},
    title = "{Saturn's dynamic D ring}",
  journal = {\icarus},
     year = 2007,
    month = may,
   volume = 188,
    pages = {89-107},
      doi = {10.1016/j.icarus.2006.11.017},
   adsurl = {http://adsabs.harvard.edu/abs/2007Icar..188...89H},
  adsnote = {Provided by the SAO/NASA Astrophysics Data System}
}

@ARTICLE{HNB10,
   author = {{Hedman}, M.~M. and {Nicholson}, P.~D. and {Baines}, K.~H. and 
	{Buratti}, B.~J. and {Sotin}, C. and {Clark}, R.~N. and {Brown}, R.~H. and 
	{French}, R.~G. and {Marouf}, E.~A.},
    title = "{The Architecture of the Cassini Division}",
  journal = {\aj},
archivePrefix = "arXiv",
   eprint = {0911.2438},
 primaryClass = "astro-ph.EP",
 keywords = {occultations, planets: rings},
     year = 2010,
    month = jan,
   volume = 139,
    pages = {228-251},
      doi = {10.1088/0004-6256/139/1/228},
   adsurl = {http://adsabs.harvard.edu/abs/2010AJ....139..228H},
  adsnote = {Provided by the SAO/NASA Astrophysics Data System}
}

@ARTICLE{HBE11,
   author = {{Hedman}, M.~M. and {Burns}, J.~A. and {Evans}, M.~W. and {Tiscareno}, M.~S. and 
	{Porco}, C.~C.},
    title = "{Saturn{\rsquo}s Curiously Corrugated C Ring}",
  journal = {Science},
     year = 2011,
    month = may,
   volume = 332,
    pages = {708-},
      doi = {10.1126/science.1202238},
   adsurl = {http://adsabs.harvard.edu/abs/2011Sci...332..708H},
  adsnote = {Provided by the SAO/NASA Astrophysics Data System}
}

@BOOK{H56,
   author = {{Hildebrand}, F.~B.},
    title = "{Introduction to numerical analysis}",
publisher = {International Series in Pure and Applied Mathematics, 
     New York: McGraw-Hill, |c1956},
     year = 1956,
   adsurl = {http://adsabs.harvard.edu/abs/1956itna.book.....H},
  adsnote = {Provided by the SAO/NASA Astrophysics Data System}
}

@ARTICLE{HGZ98,
   author = {{Holland}, W.~S. and {Greaves}, J.~S. and {Zuckerman}, B. and 
	{Webb}, R.~A. and {McCarthy}, C. and {Coulson}, I.~M. and {Walther}, D.~M. and 
	{Dent}, W.~R.~F. and {Gear}, W.~K. and {Robson}, I.},
    title = "{Submillimetre images of dusty debris around nearby stars}",
  journal = {\nat},
     year = 1998,
    month = apr,
   volume = 392,
    pages = {788-791},
      doi = {10.1038/33874},
   adsurl = {http://adsabs.harvard.edu/abs/1998Natur.392..788H},
  adsnote = {Provided by the SAO/NASA Astrophysics Data System}
}

@ARTICLE{HW93,
    author = {{Holman}, M.~J. and {Wisdom}, J.},
    title = "{Dynamical stability in the outer solar system and the delivery of 
       short period comets}",
    journal = {\aj},
    year = 1993,
    month = may,
    volume = 105,
    pages = {1987-1999},
    adsurl = {http://adsabs.harvard.edu/cgi-bin/nph-bib_query?bibcode=
       1993AJ....105.1987H&amp;db_key=AST},
    adsnote = {Provided by the NASA Astrophysics Data System}
}

@ARTICLE{H94,
   author = {{Holsapple}, K.~A.},
    title = "{Catastrophic disruptions and cratering of solar system bodies: 
                A review and new results}",
  journal = {\planss},
 keywords = {COLLISIONS, CRATERING, GRAVITATIONAL EFFECTS, HYPERVELOCITY IMPACT, 
             SCALING LAWS, SOLAR SYSTEM EVOLUTION, EXPERIMENTATION, MATHEMATICAL 
             MODELS, SPACE OBSERVATIONS (FROM EARTH)},
     year = 1994,
    month = dec,
   volume = 42,
    pages = {1067-1078},
      doi = {10.1016/0032-0633(94)90007-8},
   adsurl = {http://adsabs.harvard.edu/abs/1994P%26SS...42.1067H},
  adsnote = {Provided by the SAO/NASA Astrophysics Data System}
}

@ARTICLE{HGH02,
   author = {{Holsapple}, K. and {Giblin}, I. and {Housen}, K. and {Nakamura}, A. and 
	{Ryan}, E.},
    title = "{Asteroid Impacts: Laboratory Experiments and Scaling Laws}",
  journal = {Asteroids III},
     year = 2002,
    pages = {443-462},
   adsurl = {http://adsabs.harvard.edu/abs/2002aste.conf..443H},
  adsnote = {Provided by the SAO/NASA Astrophysics Data System}
}

@ARTICLE{H85,
   author = {{Hong}, S.~S.},
    title = "{Henyey-Greenstein representation of the mean volume scattering phase 
              function for zodiacal dust}",
  journal = {\aap},
 keywords = {LIGHT SCATTERING, SCATTERING FUNCTIONS, ZODIACAL DUST, ZODIACAL LIGHT, 
             BRIGHTNESS DISTRIBUTION, ECLIPTIC, INTEGRAL EQUATIONS, LEAST SQUARES 
             METHOD, PHASE SHIFT, POLARIZED LIGHT},
     year = 1985,
    month = may,
   volume = 146,
    pages = {67-75},
   adsurl = {http://adsabs.harvard.edu/abs/1985A%26A...146...67H},
  adsnote = {Provided by the SAO/NASA Astrophysics Data System}
}

@ARTICLE{Ietal00,
    author = {{Ida}, S. and {Larwood}, J. and {Burkert}, A.},
    title = "{Evidence for Early Stellar Encounters in the Orbital Distribution of Edgeworth-Kuiper Belt Objects}",
    journal = {\apj},
    year = 2000,
    month = jan,
    volume = 528,
    pages = {351-356},
    adsurl = {http://adsabs.harvard.edu/cgi-bin/nph-bib_query?bibcode=2000
      ApJ...528..351I&amp;db_key=AST},
    adsnote = {Provided by the NASA Astrophysics Data System}
}

@ARTICLE{ITZ95,
    author = {{Irwin}, M. and {Tremaine}, S. and {Zytkow}, A.~N.},
    title = "{A Search for Slow-Moving Objects and the Luminosity Function of the Kuiper Belt}",
    journal = {\aj},
    year = 1995,
    month = dec,
    volume = 110,
    pages = {3082-+},
    adsurl = {http://adsabs.harvard.edu/cgi-bin/nph-bib_query?bibcode=
      1995AJ....110.3082I&amp;db_key=AST},
    adsnote = {Provided by the NASA Astrophysics Data System}
}

@ARTICLE{Ietal01,
   author = {{Ivezi{\' c}}, {\v Z}. and {Tabachnik}, S. and {Rafikov}, R. and 
 {Lupton}, R.~H. and {Quinn}, T. and {Hammergren}, M. and {Eyer}, L. and 
 {Chu}, J. and {Armstrong}, J.~C. and {Fan}, X. and {Finlator}, K. and 
 {Geballe}, T.~R. and {Gunn}, J.~E. and {Hennessy}, G.~S. and 
 {Knapp}, G.~R. and {Leggett}, S.~K. and {Munn}, J.~A. and {Pier}, J.~R. and 
 {Rockosi}, C.~M. and {Schneider}, D.~P. and {Strauss}, M.~A. and 
 {Yanny}, B. and {Brinkmann}, J. and {Csabai}, I. and {Hindsley}, R.~B.
        and 
 {Kent}, S. and {Lamb}, D.~Q. and {Margon}, B. and {McKay}, T.~A. and 
 {Smith}, J.~A. and {Waddel}, P. and {York}, D.~G. and 
        {the SDSS Collaboration}},
    title = "{Solar System Objects Observed in the Sloan Digital Sky Survey 
       Commissioning Data}",
    journal = {\aj},
    year = 2001,
    month = nov,
    volume = 122,
    pages = {2749-2784},
    adsurl = {http://adsabs.harvard.edu/cgi-bin/nph-bib_query?bibcode=
       2001AJ....122.2749I&amp;db_key=AST},
     adsnote = {Provided by the NASA Astrophysics Data System}
}

@ARTICLE{JSP07,
   author = {{Jacobson}, R.~A. and {Spitale}, J. and {Porco}, C.~C. 
        and {Beurle}, K. and 
	{Cooper}, N.~J. and {Evans}, M.~W. and {Murray}, C.~D.},
    title = "{Revised Orbits of Saturn's Small Inner Satellites}",
  journal = {\aj},
     year = 2008,
    month = jan,
   volume = 135,
    pages = {261-263},
      doi = {10.1088/0004-6256/135/1/261},
   adsurl = {http://adsabs.harvard.edu/abs/2008AJ....135..261J},
  adsnote = {Provided by the SAO/NASA Astrophysics Data System}
}

@ARTICLE{JAB06,
   author = {{Jacobson}, R.~A. and {Antreasian}, P.~G. and {Bordi}, J.~J. and 
	{Criddle}, K.~E. and {Ionasescu}, R. and {Jones}, J.~B. and 
	{Mackenzie}, R.~A. and {Meek}, M.~C. and {Parcher}, D. and {Pelletier}, F.~J. and 
	{Owen}, Jr., W.~M. and {Roth}, D.~C. and {Roundhill}, I.~M. and 
	{Stauch}, J.~R.},
    title = "{The Gravity Field of the Saturnian System from Satellite Observations and Spacecraft Tracking Data}",
  journal = {\aj},
     year = 2006,
    month = dec,
   volume = 132,
    pages = {2520-2526},
      doi = {10.1086/508812},
   adsurl = {http://adsabs.harvard.edu/abs/2006AJ....132.2520J},
  adsnote = {Provided by the Smithsonian/NASA Astrophysics Data System}
}

@ARTICLE{JSP08,
   author = {{Jacobson}, R.~A. and {Spitale}, J. and {Porco}, C.~C. and {Beurle}, K. and 
	{Cooper}, N.~J. and {Evans}, M.~W. and {Murray}, C.~D.},
    title = "{Revised Orbits of Saturn's Small Inner Satellites}",
  journal = {\aj},
 keywords = {planets and satellites: general, celestial mechanics },
     year = 2008,
    month = jan,
   volume = 135,
    pages = {261-263},
      doi = {10.1088/0004-6256/135/1/261},
   adsurl = {http://adsabs.harvard.edu/abs/2008AJ....135..261J},
  adsnote = {Provided by the SAO/NASA Astrophysics Data System}
}

@ARTICLE{JL95,
    author = {{Jewitt}, D.~C. and {Luu}, J.~X.},
    title = "{The solar system beyond Neptune}",
    journal = {\aj},
    year = 1995,
    month = apr,
    volume = 109,
    pages = {1867-1876},
    adsurl = {http://adsabs.harvard.edu/cgi-bin/nph-bib_query?
              bibcode=1995AJ....109.1867J&amp;db_key=AST},
    adsnote = {Provided by the NASA Astrophysics Data System}
}

@ARTICLE{KJ95,
   author = {{Kalas}, P. and {Jewitt}, D.},
    title = "{Asymmetries in the Beta Pictoris Dust Disk}",
  journal = {\aj},
 keywords = {STARS: INDIVIDUAL: BETA PICTORIS, CIRCUMSTELLAR MATTER},
     year = 1995,
    month = aug,
   volume = 110,
    pages = {794-+},
      doi = {10.1086/117565},
   adsurl = {http://adsabs.harvard.edu/abs/1995AJ....110..794K},
  adsnote = {Provided by the SAO/NASA Astrophysics Data System}
}

@ARTICLE{KGC05,
   author = {{Kalas}, P. and {Graham}, J.~R. and {Clampin}, M.},
    title = "{A planetary system as the origin of structure in Fomalhaut's dust belt}",
  journal = {\nat},
   eprint = {arXiv:astro-ph/0506574},
     year = 2005,
    month = jun,
   volume = 435,
    pages = {1067-1070},
      doi = {10.1038/nature03601},
   adsurl = {http://adsabs.harvard.edu/abs/2005Natur.435.1067K},
  adsnote = {Provided by the SAO/NASA Astrophysics Data System}
}

@ARTICLE{KFG07,
   author = {{Kalas}, P. and {Fitzgerald}, M.~P. and {Graham}, J.~R.},
    title = "{Discovery of Extreme Asymmetry in the Debris Disk Surrounding HD 15115}",
  journal = {\apjl},
archivePrefix = "arXiv",
   eprint = {0704.0645},
 keywords = {Stars: Circumstellar Matter, stars: individual (HD 15115)},
     year = 2007,
    month = may,
   volume = 661,
    pages = {L85-L88},
      doi = {10.1086/518652},
   adsurl = {http://adsabs.harvard.edu/abs/2007ApJ...661L..85K},
  adsnote = {Provided by the SAO/NASA Astrophysics Data System}
}

@ARTICLE{KGC08,
   author = {{Kalas}, P. and {Graham}, J.~R. and {Chiang}, E. and {Fitzgerald}, 
        M.~P. and {Clampin}, M. and {Kite}, E.~S. and {Stapelfeldt}, K. and 
        {Marois}, C. and {Krist}, J.},
    title = "{Optical Images of an Exosolar Planet 25 Light-Years from Earth}",
  journal = {Science},
archivePrefix = "arXiv",
   eprint = {0811.1994},
     year = 2008,
    month = nov,
   volume = 322,
    pages = {1345-},
      doi = {10.1126/science.1166609},
   adsurl = {http://adsabs.harvard.edu/abs/2008Sci...322.1345K},
  adsnote = {Provided by the SAO/NASA Astrophysics Data System}
}

@ARTICLE{KL99,
    author = {{Kenyon}, S.~J. and {Luu}, J.~X.},
    title = "{Accretion in the Early Kuiper Belt. II. Fragmentation}",
    journal = {\aj},
    year = 1999,
    month = aug,
    volume = 118,
    pages = {1101-1119},
    adsurl = {http://adsabs.harvard.edu/cgi-bin/nph-bib_query?bibcode=
       1999AJ....118.1101K&amp;db_key=AST},
    adsnote = {Provided by the NASA Astrophysics Data System}
}

@ARTICLE{K02,
   author = {{Kenyon}, S.~J.},
    title = "{Planet Formation in the Outer Solar System}",
  journal = {\pasp},
   eprint = {arXiv:astro-ph/0112120},
 keywords = {Stars: Circumstellar Matter, planetary systems, Solar System: Formation, Stars: Formation},
     year = 2002,
    month = mar,
   volume = 114,
    pages = {265-283},
      doi = {10.1086/339188},
   adsurl = {http://adsabs.harvard.edu/abs/2002PASP..114..265K},
  adsnote = {Provided by the SAO/NASA Astrophysics Data System}
}

@ARTICLE{KM04,
    author = {{Kortenkamp}, S.~J. and {Malhotra}, R. and {Michtchenko}, T.
 },
    title = "{Survival of Trojan-type companions of Neptune during primordial planet
        migration}",
    journal = {Icarus},
    year = 2004,
    month = feb,
    volume = 167,
    pages = {347-359},
    adsurl = {http://adsabs.harvard.edu/cgi-bin/nph-bib_query?bibcode=
       2004Icar..167..347K&amp;db_key=AST},
    adsnote = {Provided by the NASA Astrophysics Data System}
}

@ARTICLE{KAG05,
   author = {{Krist}, J.~E. and {Ardila}, D.~R. and {Golimowski}, D.~A. and 
	{Clampin}, M. and {Ford}, H.~C. and {Illingworth}, G.~D. and 
	{Hartig}, G.~F. and {Bartko}, F. and {Ben{\'{\i}}tez}, N. and 
	{Blakeslee}, J.~P. and {Bouwens}, R.~J. and {Bradley}, L.~D. and 
	{Broadhurst}, T.~J. and {Brown}, R.~A. and {Burrows}, C.~J. and 
	{Cheng}, E.~S. and {Cross}, N.~J.~G. and {Demarco}, R. and {Feldman}, P.~D. and
	{Franx}, M. and {Goto}, T. and {Gronwall}, C. and {Holden}, B. and 
	{Homeier}, N. and {Infante}, L. and {Kimble}, R.~A. and {Lesser}, M.~P. and 
	{Martel}, A.~R. and {Mei}, S. and {Menanteau}, F. and {Meurer}, G.~R. and 
	{Miley}, G.~K. and {Motta}, V. and {Postman}, M. and {Rosati}, P. and 
	{Sirianni}, M. and {Sparks}, W.~B. and {Tran}, H.~D. and {Tsvetanov}, Z.~I. and
	{White}, R.~L. and {Zheng}, W.},
    title = "{Hubble Space Telescope Advanced Camera for Surveys 
              Coronagraphic Imaging of the AU Microscopii Debris Disk}",
  journal = {\aj},
 keywords = {Stars: Circumstellar Matter, Stars: Individual: Constellation Name: 
             AU Microscopii},
     year = 2005,
    month = feb,
   volume = 129,
    pages = {1008-1017},
      doi = {10.1086/426755},
   adsurl = {http://adsabs.harvard.edu/abs/2005AJ....129.1008K},
  adsnote = {Provided by the SAO/NASA Astrophysics Data System}
}

@ARTICLE{KLS06,
   author = {{Krivov}, A.~V. and {L{\"o}hne}, T. and {Srem{\v c}evi{\'c}}, M. },
    title = "{Dust distributions in debris disks: effects of gravity, radiation 
              pressure and collisions}",
  journal = {\aap},
 keywords = {planetary systems: formation, circumstellar matter, meteors, 
             meteoroids, celestial mechanics, stars: individual: Vega},
     year = 2006,
    month = aug,
   volume = 455,
    pages = {509-519},
      doi = {10.1051/0004-6361:20064907},
   adsurl = {http://adsabs.harvard.edu/abs/2006A%26A...455..509K},
  adsnote = {Provided by the SAO/NASA Astrophysics Data System}
}

@ARTICLE{LP86,
   author = {{Lamy}, P.~L. and {Perrin}, {J.-M.}},
    title = "{Volume scattering function and space distribution of the
               interplanetary dust cloud}",
  journal = {\aap},
 keywords = {INTERPLANETARY DUST, SCATTERING FUNCTIONS, SPATIAL DISTRIBUTION,
            ZODIACAL LIGHT, BRIGHTNESS DISTRIBUTION, CORONAS, INVERSE SCATTERING, 
            POLARIZED LIGHT},
     year = 1986,
    month = jul,
   volume = 163,
    pages = {269-286},
   adsurl = {http://adsabs.harvard.edu/abs/1986A%26A...163..269L},
  adsnote = {Provided by the SAO/NASA Astrophysics Data System}
}

@BOOK{LL87,
   author = {{Landau}, L.~D. and {Lifshitz}, E.~M.},
    title = "{Fluid mechanics, 2nd Ed.}",
publisher = {Elsevier},
     year = 1987,
   adsurl = {http://adsabs.harvard.edu/abs/1959flme.book.....L},
  adsnote = {Provided by the SAO/NASA Astrophysics Data System}
}

@ARTICLE{LK01,
   author = {{Larwood}, J.~D. and {Kalas}, P.~G.},
    title = "{Close stellar encounters with planetesimal discs: the dynamics of asymmetry in the {$\beta$} Pictoris system}",
  journal = {\mnras},
   eprint = {arXiv:astro-ph/0011279},
 keywords = {STELLAR DYNAMICS, CELESTIAL MECHANICS, CIRCUMSTELLAR MATTER, STARS: INDIVIDUAL: {\amp}BETA; PIC, PLANETARY SYSTEMS},
     year = 2001,
    month = may,
   volume = 323,
    pages = {402-416},
      doi = {10.1046/j.1365-8711.2001.04212.x},
   adsurl = {http://adsabs.harvard.edu/abs/2001MNRAS.323..402L},
  adsnote = {Provided by the SAO/NASA Astrophysics Data System}
}

@ARTICLE{LO06,
   author = {{Latter}, H.~N. and {Ogilvie}, G.~I.},
    title = "{The linear stability of dilute particulate rings}",
  journal = {Icarus},
   eprint = {arXiv:astro-ph/0609164},
     year = 2006,
    month = oct,
   volume = 184,
    pages = {498-516},
      doi = {10.1016/j.icarus.2006.05.015},
   adsurl = {http://adsabs.harvard.edu/abs/2006Icar..184..498L},
  adsnote = {Provided by the SAO/NASA Astrophysics Data System}
}

@ARTICLE{LMT79,
   author = {{Lester}, T.~P. and {McCall}, M.~L. and {Tatum}, J.~B.},
    title = "{Theory of planetary photometry}",
  journal = {\jrasc},
 keywords = {ALBEDO, PHOTOMETRY, PLANETARY RADIATION, PLANETARY SURFACES,
             ASTRONOMICAL MODELS, BIDIRECTIONAL REFLECTANCE, LIGHT SCATTERING, 
             PLANETARY STRUCTURE, SURFACE PROPERTIES},
     year = 1979,
    month = oct,
   volume = 73,
    pages = {233-257},
   adsurl = {http://adsabs.harvard.edu/abs/1979JRASC..73..233L},
  adsnote = {Provided by the SAO/NASA Astrophysics Data System}
}

@ARTICLE{LD97,
    author = {{Levison}, H.~F. and {Duncan}, M.~J.},
    title = "{From the Kuiper Belt to Jupiter-Family Comets: The Spatial 
        Distribution of Ecliptic Comets}",
    journal = {Icarus},
    year = 1997,
    month = may,
    volume = 127,
    pages = {13-32},
    adsurl = {http://adsabs.harvard.edu/cgi-bin/nph-bib_query?bibcode=
        1997Icar..127...13L&amp;db_key=AST},
    adsnote = {Provided by the NASA Astrophysics Data System}
}

@ARTICLE{LD00,
   author = {{Levison}, H.~F. and {Duncan}, M.~J.},
    title = "{Symplectically Integrating Close Encounters with the Sun}",
  journal = {\aj},
     year = 2000,
    month = oct,
   volume = 120,
    pages = {2117-2123},
   adsurl = {http://adsabs.harvard.edu/cgi-bin/nph-bib_query?bibcode=
     2000AJ....120.2117L&db_key=AST},
  adsnote = {Provided by the NASA Astrophysics Data System}
}

@ARTICLE{LMV08,
   author = {{Levison}, H.~F. and {Morbidelli}, A. and {Vanlaerhoven}, C. and 
	{Gomes}, R. and {Tsiganis}, K.},
    title = "{Origin of the structure of the Kuiper belt during a dynamical 
              instability in the orbits of Uranus and Neptune}",
  journal = {Icarus},
archivePrefix = "arXiv",
   eprint = {0712.0553},
     year = 2008,
    month = jul,
   volume = 196,
    pages = {258-273},
      doi = {10.1016/j.icarus.2007.11.035},
   adsurl = {http://adsabs.harvard.edu/abs/2008Icar..196..258L},
  adsnote = {Provided by the SAO/NASA Astrophysics Data System}
}

@ARTICLE{LM03,
    author = {{Levison}, H.~F. and {Morbidelli}, A.},
    title = "{The formation of the Kuiper belt by the outward transport of 
 bodies during Neptune's migration}",
    journal = {\nat},
    year = 2003,
    month = nov,
    volume = 426,
    pages = {419-421},
    adsurl = {http://adsabs.harvard.edu/cgi-bin/nph-bib_query?bibcode=
       2003Natur.426..419L&amp;db_key=AST},
    adsnote = {Provided by the NASA Astrophysics Data System}
}

@ARTICLE{LM97,
    author = {{Liou}, J.~C. and {Malhotra}, R.},
    title = "{Depletion of the outer asteroid belt}",
    journal = {Science},
    year = 1997,
    volume = 275,
    pages = {375-377},
    adsurl = {http://adsabs.harvard.edu/cgi-bin/nph-bib_query?bibcode=
       1997Sci...275..375L&amp;db_key=AST},
    adsnote = {Provided by the NASA Astrophysics Data System}
}

@ARTICLE{LKR08,
   author = {{L{\"o}hne}, T. and {Krivov}, A.~V. and {Rodmann}, J.},
    title = "{Long-Term Collisional Evolution of Debris Disks}",
  journal = {\apj},
archivePrefix = "arXiv",
   eprint = {0710.4294},
 keywords = {Stars: Circumstellar Matter, Stars: Planetary Systems: Formation},
     year = 2008,
    month = feb,
   volume = 673,
    pages = {1123-1137},
      doi = {10.1086/524840},
   adsurl = {http://adsabs.harvard.edu/abs/2008ApJ...673.1123L},
  adsnote = {Provided by the SAO/NASA Astrophysics Data System}
}

@ARTICLE{LB86,
   author = {{Longaretti}, P.-Y. and {Borderies}, N.},
    title = "{Nonlinear study of the Mimas 5:3 density wave}",
  journal = {Icarus},
 keywords = {ASTRONOMICAL PHOTOMETRY, DENSITY WAVE MODEL, MIMAS, POLARIMETRY, 
     BODY KINEMATICS, HEURISTIC METHODS, NONLINEAR SYSTEMS, TORQUE, VOYAGER 2 
    SPACECRAFT},
     year = 1986,
    month = aug,
   volume = 67,
    pages = {211-223},
      doi = {10.1016/0019-1035(86)90104-1},
   adsurl = {http://adsabs.harvard.edu/abs/1986Icar...67..211L},
  adsnote = {Provided by the SAO/NASA Astrophysics Data System}
}

@ARTICLE{LR95,
   author = {{Longaretti}, P.-Y. and {Rappaport}, N.},
    title = "{Viscous overstabilities in dense narrow planetary rings.}",
  journal = {\icarus},
     year = 1995,
    month = aug,
   volume = 116,
    pages = {376-396},
      doi = {10.1006/icar.1995.1131},
   adsurl = {http://adsabs.harvard.edu/abs/1995Icar..116..376L},
  adsnote = {Provided by the SAO/NASA Astrophysics Data System}
}

@INBOOK{L18,
       author = {{Longaretti}, P. -Y.},
        title = "{Theory of Narrow Rings and Sharp Edges}",
    booktitle = {Planetary Ring Systems. Properties, Structure, and Evolution},
    publisher = {lookitup},
         year = 2018,
        pages = {225-275},
          doi = {10.1017/9781316286791.010},
       adsurl = {https://ui.adsabs.harvard.edu/abs/2018prs..book..225L},
      adsnote = {Provided by the SAO/NASA Astrophysics Data System}
}

@ARTICLE{LO01,
   author = {{Lubow}, S.~H. and {Ogilvie}, G.~I.},
    title = "{Secular Interactions between Inclined Planets and a Gaseous Disk}",
  journal = {\apj},
   eprint = {astro-ph/0106453},
     year = 2001,
    month = oct,
   volume = 560,
    pages = {997-1009},
      doi = {10.1086/322493},
   adsurl = {http://adsabs.harvard.edu/cgi-bin/nph-bib_query?bibcode=
      2001ApJ...560..997L&db_key=AST},
  adsnote = {Provided by the Smithsonian/NASA Astrophysics Data System}
}

@ARTICLE{LP74,
   author = {{Lynden-Bell}, D. and {Pringle}, J.~E.},
    title = "{The evolution of viscous discs and the origin of the nebular variables.}",
  journal = {\mnras},
 keywords = {Protostars},
     year = 1974,
    month = sep,
   volume = 168,
    pages = {603-637},
   adsurl = {http://adsabs.harvard.edu/abs/1974MNRAS.168..603L},
  adsnote = {Provided by the SAO/NASA Astrophysics Data System}
}

@ARTICLE{M93,
    author = {{Malhotra}, R.},
    title = "{The Origin of Pluto's Peculiar Orbit}",
    journal = {\nat},
    year = 1993,
    month = oct,
    volume = 365,
    pages = {819-+},
    adsurl = {http://adsabs.harvard.edu/cgi-bin/nph-bib_query?bibcode=
       1993Natur.365..819M&amp;db_key=AST},
    adsnote = {Provided by the NASA Astrophysics Data System}
}
@ARTICLE{M93a,
    author = {{Malhotra}, R.},
    title = "{Orbital resonances in the solar nebula - Strengths and weaknesses}",
    journal = {Icarus},
    year = 1993,
    month = nov,
    volume = 106,
    pages = {264-+},
    adsurl = {http://adsabs.harvard.edu/cgi-bin/nph-bib_query?bibcode=
 1993Icar..106..264M&amp;db_key=AST},
    adsnote = {Provided by the NASA Astrophysics Data System}
}

@ARTICLE{M95,
    author = {{Malhotra}, R.},
    title = "{The Origin of Pluto's Orbit: Implications for the Solar System
       Beyond Neptune}",
    journal = {\aj},
    year = 1995,
    month = jul,
    volume = 110,
    pages = {420-+},
    adsurl = {http://adsabs.harvard.edu/cgi-bin/nph-bib_query?bibcode=
       1995AJ....110..420M&amp;db_key=AST},
    adsnote = {Provided by the NASA Astrophysics Data System}
}

@ARTICLE{M96,
    author = {{Malhotra}, R.},
    title = "{The Phase Space Structure Near Neptune Resonances in the Kuiper Belt}",
    journal = {\aj},
    year = 1996,
    month = jan,
    volume = 111,
    pages = {504-+},
    adsurl = {http://adsabs.harvard.edu/cgi-bin/nph-bib_query?bibcode=
       1996AJ....111..504M&amp;db_key=AST},
    adsnote = {Provided by the NASA Astrophysics Data System}
}

@INBOOK{MW97,
    author = {{Malhotra}, R. and {Williams}, J.~G.},
    title = "{Pluto's Heliocentric Orbit}",
    publisher = {Pluto and Charon},
    year = 1997,
    pages = {127-+},
    adsurl = {http://adsabs.harvard.edu/cgi-bin/nph-bib_query?bibcode=
        1997plch.book..127M&amp;db_key=AST},
    adsnote = {Provided by the NASA Astrophysics Data System}
}

@ARTICLE{MT99,
    author = {{Malyshkin}, L. and {Tremaine}, S.},
    title = "{The Keplerian Map for the Planar Restricted Three-Body Problem as a Model of Comet Evolution}",
    journal = {Icarus},
    year = 1999,
    month = oct,
    volume = 141,
    pages = {341-353},
    adsurl = {http://adsabs.harvard.edu/cgi-bin/nph-bib_query?bibcode=
      1999Icar..141..341M&amp;db_key=AST},
    adsnote = {Provided by the NASA Astrophysics Data System}
}

@ARTICLE{MB05,
   author = {{Melita}, M.~D. and {Papaloizou}, J.~C.~B.},
    title = "{Resonantly Forced Eccentric Ringlets: Relationships Between Surface Density, Resonance Location, Eccentricity And Eccentricity-Gradient}",
  journal = {Celestial Mechanics and Dynamical Astronomy},
   eprint = {arXiv:astro-ph/0412330},
 keywords = {eccentric ringlets, planetary rings},
     year = 2005,
    month = jan,
   volume = 91,
    pages = {151-171},
      doi = {10.1007/s10569-004-4624-x},
   adsurl = {http://adsabs.harvard.edu/abs/2005CeMDA..91..151M},
  adsnote = {Provided by the SAO/NASA Astrophysics Data System}
}

@INPROCEEDINGS{MBW07,
   author = {{Meyer}, M.~R. and {Backman}, D.~E. and {Weinberger}, A.~J. and 
	{Wyatt}, M.~C.},
    title = "{Evolution of Circumstellar Disks Around Normal Stars: Placing Our 
              Solar System in Context}",
booktitle = {Protostars and Planets V},
     year = 2007,
   editor = "{B.~Reipurth, D.~Jewitt, \& K.~Keil}",
    pages = {573-588},
   adsurl = {http://adsabs.harvard.edu/abs/2007prpl.conf..573M},
  adsnote = {Provided by the SAO/NASA Astrophysics Data System}
}

@ARTICLE{MVS87,
   author = {{Meyer-Vernet}, N. and {Sicardy}, B.},
    title = "{On the physics of resonant disk-satellite interaction}",
  journal = {Icarus},
 keywords = {ACCRETION DISKS, MOMENTUM TRANSFER, NATURAL SATELLITES, 
       PLANETARY RINGS, RESONANCE, ROTATING DISKS, DISSIPATION, FRICTION, 
       GRAVITATIONAL EFFECTS, PRESSURE EFFECTS, TORQUE, VISCOSITY, PLANETS, 
       SATELLITES, RESONANCE, PHYSICS, ANGULAR MOMENTUM, PERTURBATIONS, 
      FRICTION, GRAVITY EFFECTS, PRESSURE, VISCOSITY, PARAMETERS, ACCRETION, 
      WAVES, RINGS, TORQUE, RINGS, CALCULATIONS, FORMATION},
     year = 1987,
    month = jan,
   volume = 69,
    pages = {157-175},
      doi = {10.1016/0019-1035(87)90011-X},
   adsurl = {http://adsabs.harvard.edu/abs/1987Icar...69..157M},
  adsnote = {Provided by the SAO/NASA Astrophysics Data System}
}

@ARTICLE{Metal02,
    author = {{Morbidelli}, A. and {Jacob}, C. and {Petit}, J.-M.},
    title = "{Planetary Embryos Never Formed in the Kuiper Belt}",
    journal = {Icarus},
    year = 2002,
    month = may,
    volume = 157,
    pages = {241-248},
    adsurl = {http://adsabs.harvard.edu/cgi-bin/nph-bib_query?bibcode=2002
      Icar..157..241M&amp;db_key=AST},
    adsnote = {Provided by the NASA Astrophysics Data System}
}

@ARTICLE{ML04,
    author = {{Morbidelli}, A. and {Levison}, H.~F.},
    title = "{Scenarios for the origin of the orbits of the 
       Trans--Neptunian Objects 2000 CR$_{105}$ and 2003 VB$_{12}$ (Sedna)}",
    journal = "{AJ}",
    year = 2004,
    pages = {in press}
}

@ARTICLE{ME02,
   author = {{Mosqueira}, I. and {Estrada}, P.~R.},
    title = "{Apse Alignment of the Uranian Rings}",
  journal = {Icarus},
     year = 2002,
    month = aug,
   volume = 158,
    pages = {545-556},
      doi = {10.1006/icar.2002.6878},
   adsurl = {http://adsabs.harvard.edu/abs/2002Icar..158..545M},
  adsnote = {Provided by the SAO/NASA Astrophysics Data System}
}

@ARTICLE{Metal97,
   author = {{Mouillet}, D. and {Larwood}, J.~D. and {Papaloizou}, J.~C.~B. and 
	{Lagrange}, A.~M.},
    title = "{A planet on an inclined orbit as an explanation of the warp in the Beta 
      Pictoris disc}",
  journal = {\mnras},
   eprint = {astro-ph/9705100},
     year = 1997,
    month = dec,
   volume = 292,
    pages = {896-+},
   adsurl = {http://adsabs.harvard.edu/cgi-bin/nph-bib_query?bibcode=
    1997MNRAS.292..896M&db_key=AST},
  adsnote = {Provided by the Smithsonian/NASA Astrophysics Data System}
}

@BOOK{MD99,
    author = {{Murray}, C.~D. and {Dermott}, S.~F.},
    title = "{Solar system dynamics}",
    publisher = {Cambridge University Press},
    year = 1999,
    adsurl = {http://adsabs.harvard.edu/cgi-bin/nph-bib_query?bibcode=
      1999ssd..book.....M&amp;db_key=AST},
    adsnote = {Provided by the NASA Astrophysics Data System}
}

@ARTICLE{Metal05,
       author = {{Murray}, Carl D. and {Chavez}, Carlos and {Beurle}, Kevin and {Cooper}, Nick and {Evans}, 
                Michael W. and {Burns}, Joseph A. and {Porco}, Carolyn C.},
        title = "{How Prometheus creates structure in Saturn's F ring}",
      journal = {\nat},
         year = 2005,
        month = oct,
       volume = {437},
       number = {7063},
        pages = {1326-1329},
          doi = {10.1038/nature04212},
       adsurl = {https://ui.adsabs.harvard.edu/abs/2005Natur.437.1326M},
      adsnote = {Provided by the SAO/NASA Astrophysics Data System}
}

@ARTICLE{NI00,
   author = {{Nagasawa}, M. and {Ida}, S.},
    title = "{Sweeping Secular Resonances in the Kuiper Belt Caused by 
  Depletion of the Solar Nebula}",
  journal = {\aj},
     year = 2000,
    month = dec,
   volume = 120,
    pages = {3311-3322},
   adsurl = {http://adsabs.harvard.edu/cgi-bin/nph-bib_query?bibcode=
  2000AJ....120.3311N&amp;db_key=AST},
  adsnote = {Provided by the NASA Astrophysics Data System}
}

@ARTICLE{ND02,
    author = {{Nesvorn{\' y}}, D. and {Dones}, L.},
    title = "{How Long-Lived Are the Hypothetical Trojan Populations of Saturn, 
       Uranus, and Neptune?}",
    journal = {Icarus},
    year = 2002,
    month = dec,
    volume = 160,
    pages = {271-288},
    adsurl = {http://adsabs.harvard.edu/cgi-bin/nph-bib_query?bibcode=
       2002Icar..160..271N&amp;db_key=AST},
    adsnote = {Provided by the NASA Astrophysics Data System}
}

@ARTICLE{NFH12,
   author = {{Nicholson}, P.~D. and {French}, R.~G. and {Hedman} M.~M.},
    title = "{The Edge of the B Ring, Part II}",
  journal = {contributed talk at AAS/DDA conference},
     year = 2012,
    month = may,
   volume = 1,
    pages = {1},
   adsurl = {?},
  adsnote = {?}
}

@ARTICLE{Netal14,
       author = {{Nicholson}, Philip D. and {French}, Richard G. and {McGhee-French}, 
       Colleen A. and {Hedman}, Matthew M. and {Marouf}, Essam A. and {Colwell}, 
       Joshua E. and {Lonergan}, Katherine and {Sepersky}, Talia},
        title = "{Noncircular features in Saturn's rings II: The C ring}",
      journal = {\icarus},
     keywords = {Earth Science},
         year = 2014,
        month = oct,
       volume = {241},
        pages = {373-396},
          doi = {10.1016/j.icarus.2014.06.024},
       adsurl = {https://ui.adsabs.harvard.edu/abs/2014Icar..241..373N},
      adsnote = {Provided by the SAO/NASA Astrophysics Data System}
}

@ARTICLE{PDG84,
   author = {{Porco}, C. and {Danielson}, G.~E. and {Goldreich}, P. and 
                    {Holberg}, J.~B. and {Lane}, A.~L.},
    title = "{Saturn's nonaxisymmetric ring edges at 1.95 R(s) and 2.27 R(s)}",
  journal = {Icarus},
 keywords = {PLANETOLOGY, SATURN RINGS, AMPLITUDES, ASTRONOMICAL MODELS, 
      DATA REDUCTION, EDGES, VOYAGER PROJECT, SATURN, RINGS, SYMMETRY, A RING, 
      B RING, VOYAGER MISSIONS, KINEMATICS, SHAPE, RESONANCE, AMPLITUDE, 
      COORBITALS, MOTION, CELESTIAL MECHANICS, SATELLITES, MIMAS, THICKNESS},
     year = 1984,
    month = oct,
   volume = 60,
    pages = {17-28},
      doi = {10.1016/0019-1035(84)90135-0},
   adsurl = {http://adsabs.harvard.edu/abs/1984Icar...60...17P},
  adsnote = {Provided by the SAO/NASA Astrophysics Data System}
}


@ARTICLE{PBB05,
   author = {{Porco}, C.~C. and {Baker}, E. and {Barbara}, J. and {Beurle}, K. and 
	{Brahic}, A. and {Burns}, J.~A. and {Charnoz}, S. and {Cooper}, N. and 
	{Dawson}, D.~D. and {Del Genio}, A.~D. and {Denk}, T. and {Dones}, L. and 
	{Dyudina}, U. and {Evans}, M.~W. and {Giese}, B. and {Grazier}, K. and 
	{Helfenstein}, P. and {Ingersoll}, A.~P. and {Jacobson}, R.~A. and 
	{Johnson}, T.~V. and {McEwen}, A. and {Murray}, C.~D. and {Neukum}, G. and 
	{Owen}, W.~M. and {Perry}, J. and {Roatsch}, T. and {Spitale}, J. and 
	{Squyres}, S. and {Thomas}, P. and {Tiscareno}, M. and {Turtle}, E. and 
	{Vasavada}, A.~R. and {Veverka}, J. and {Wagner}, R. and {West}, R.
	},
    title = "{Cassini Imaging Science: Initial Results on Saturn's Rings and Small Satellites}",
  journal = {Science},
     year = 2005,
    month = feb,
   volume = 307,
    pages = {1226-1236},
      doi = {10.1126/science.1108056},
   adsurl = {http://adsabs.harvard.edu/abs/2005Sci...307.1226P},
  adsnote = {Provided by the Smithsonian/NASA Astrophysics Data System}
}

@ARTICLE{P05,
   author = {{Porco}, C.~C.},
    title = "{S/2005 S 1}",
  journal = {\iaucirc},
     year = 2005,
    month = may,
   volume = 8524,
    pages = {1-+},
   adsurl = {http://adsabs.harvard.edu/cgi-bin/nph-bib_query?bibcode=
    2005IAUC.8524....1P&db_key=AST},
  adsnote = {Provided by the Smithsonian/NASA Astrophysics Data System}
}


@ARTICLE{PTW07,
   author = {{Porco}, C.~C. and {Thomas}, P.~C. and {Weiss}, J.~W. 
      and {Richardson}, D.~C. },
    title = "{Saturn{\rsquo}s Small Inner Satellites: Clues to Their Origins}",
  journal = {Science},
     year = 2007,
    month = dec,
   volume = 318,
    pages = {1602-},
      doi = {10.1126/science.1143977},
   adsurl = {http://adsabs.harvard.edu/abs/2007Sci...318.1602P},
  adsnote = {Provided by the SAO/NASA Astrophysics Data System}
}

@ARTICLE{PWR08,
   author = {{Porco}, C.~C. and {Weiss}, J.~W. and {Richardson}, D.~C. and 
	{Dones}, L. and {Quinn}, T. and {Throop}, H.},
    title = "{Simulations of the Dynamical and Light-Scattering Behavior of Saturn's 
       Rings and the Derivation of Ring Particle and Disk Properties}",
  journal = {\aj},
 keywords = {planets: rings, planets and satellites: individual: Saturn },
     year = 2008,
    month = nov,
   volume = 136,
    pages = {2172-2200},
      doi = {10.1088/0004-6256/136/5/2172},
   adsurl = {http://adsabs.harvard.edu/abs/2008AJ....136.2172P},
  adsnote = {Provided by the SAO/NASA Astrophysics Data System}
}

@ARTICLE{PS01,
       author = {{Poulet}, F. and {Sicardy}, B.},
        title = "{Dynamical evolution of the Prometheus-Pandora system}",
      journal = {\mnras},
     keywords = {CELESTIAL MECHANICS, PLANETS AND SATELLITES: INDIVIDUAL: SATURN},
         year = 2001,
        month = apr,
       volume = {322},
       number = {2},
        pages = {343-355},
          doi = {10.1046/j.1365-8711.2001.04128.x},
       adsurl = {https://ui.adsabs.harvard.edu/abs/2001MNRAS.322..343P},
      adsnote = {Provided by the SAO/NASA Astrophysics Data System}
}

@ARTICLE{PR94,
   author = {{Pittich}, E.~M. and {Rickman}, H.},
    title = "{Cometary spliting - a source for the Jupiter family?}",
  journal = {\aap},
     year = 1994,
    month = jan,
   volume = 281,
    pages = {579-587},
   adsurl = {http://adsabs.harvard.edu/cgi-bin/nph-bib_query?bibcode=1994A%26A...281..579P&db_key=AST},
  adsnote = {Provided by the NASA Astrophysics Data System}
}

@ARTICLE{P81,
   author = {{Pringle}, J.~E.},
    title = "{Accretion discs in astrophysics}",
  journal = {\araa},
     year = 1981,
   volume = 19,
    pages = {137-162},
      doi = {10.1146/annurev.aa.19.090181.001033},
   adsurl = {http://adsabs.harvard.edu/abs/1981ARA%26A..19..137P},
  adsnote = {Provided by the SAO/NASA Astrophysics Data System}
}

@ARTICLE{RM99,
   author = {{Rauch}, K.~P. and {Holman}, M.},
    title = "{Dynamical Chaos in the Wisdom-Holman Integrator: Origins and Solutions}",
  journal = {\aj},
     year = 1999,
    month = feb,
   volume = 117,
    pages = {1087-1102},
   adsurl = {http://adsabs.harvard.edu/cgi-bin/nph-bib_query?bibcode=
      1999AJ....117.1087R&amp;db_key=AST},
  adsnote = {Provided by the NASA Astrophysics Data System}
}

@ARTICLE{RBL98,
   author = {{Richardson}, D.~C. and {Bottke}, W.~F. and {Love}, S.~G.},
    title = "{Tidal Distortion and Disruption of Earth-Crossing Asteroids}",
  journal = {\icarus},
     year = 1998,
    month = jul,
   volume = 134,
    pages = {47-76},
      doi = {10.1006/icar.1998.5954},
   adsurl = {http://adsabs.harvard.edu/abs/1998Icar..134...47R},
  adsnote = {Provided by the SAO/NASA Astrophysics Data System}
}

@INPROCEEDINGS{RHH16,
   author = {{Rimlinger}, T. and {Hamilton}, D. and {Hahn}, J.~M.},
    title = "{Keeping the Edges Sharp II: Honing Simulations of Narrow Rings}",
booktitle = {AAS/Division of Dynamical Astronomy Meeting},
     year = 2016,
   series = {AAS/Division of Dynamical Astronomy Meeting},
   volume = 47,
    month = may,
    pages = {\#47, id.400.02},
   adsurl = {https://ui.adsabs.harvard.edu/abs/2016DDA....4740002R/abstract},
  adsnote = {Provided by the SAO/NASA Astrophysics Data System}
}

@ARTICLE{RSS94,
   author = {{Roques}, F. and {Scholl}, H. and {Sicardy}, B. and {Smith}, B.~A.
	},
    title = "{Is there a planet around beta Pictoris? Perturbations of a planet on a 
                circumstellar dust disk. 1: The numerical model}",
  journal = {Icarus},
 keywords = {PLANETARY EVOLUTION, PLANETARY MASS, PLANETARY ORBITS, 
                  POYNTING-ROBERTSON EFFECT, STELLAR ENVELOPES, ZODIACAL DUST, 
                 CONNECTION MACHINE, ECCENTRIC ORBITS, TRAPPED PARTICLES},
     year = 1994,
    month = mar,
   volume = 108,
    pages = {37-58},
      doi = {10.1006/icar.1994.1040},
   adsurl = {http://adsabs.harvard.edu/abs/1994Icar..108...37R},
  adsnote = {Provided by the SAO/NASA Astrophysics Data System}
}

@ARTICLE{Retal91,
   author = {{Rosen}, P.~A. and {Tyler}, G.~L. and {Marouf}, E.~A. and {Lissauer}, J.~J.
	},
    title = "{Resonance structures in Saturn's rings probed by radio occultation. 
      II - Results and interpretation}",
  journal = {Icarus},
     year = 1991,
    month = sep,
   volume = 93,
    pages = {25-44},
      doi = {10.1016/0019-1035(91)90161-L},
   adsurl = {http://adsabs.harvard.edu/cgi-bin/nph-bib_query?bibcode=
    1991Icar...93...25R&db_key=AST},
  adsnote = {Provided by the Smithsonian/NASA Astrophysics Data System}
}

@ARTICLE{R06,
   author = {{Rubincam}, D.~P.},
    title = "{Saturn's rings, the Yarkovsky effects, and the Ring of Fire}",
  journal = {Icarus},
     year = 2006,
    month = oct,
   volume = 184,
    pages = {532-542},
      doi = {10.1016/j.icarus.2006.05.017},
   adsurl = {http://adsabs.harvard.edu/abs/2006Icar..184..532R},
  adsnote = {Provided by the SAO/NASA Astrophysics Data System}
}

@ARTICLE{S92,
   author = {{Salo}, H.},
    title = "{Gravitational wakes in Saturn's rings}",
  journal = {\nat},
 keywords = {GRAVITATIONAL EFFECTS, SATURN RINGS, WAKES, DYNAMIC MODELS, 
         PARTICLE COLLISIONS},
     year = 1992,
    month = oct,
   volume = 359,
    pages = {619-621},
      doi = {10.1038/359619a0},
   adsurl = {http://adsabs.harvard.edu/abs/1992Natur.359..619S},
  adsnote = {Provided by the SAO/NASA Astrophysics Data System}
}

@ARTICLE{S95,
   author = {{Salo}, H.},
    title = "{Simulations of dense planetary rings. III. Self-gravitating identical particles.}",
  journal = {\icarus},
     year = 1995,
    month = oct,
   volume = 117,
    pages = {287-312},
      doi = {10.1006/icar.1995.1157},
   adsurl = {http://adsabs.harvard.edu/abs/1995Icar..117..287S},
  adsnote = {Provided by the SAO/NASA Astrophysics Data System}
}

@ARTICLE{SSS01,
   author = {{Salo}, H. and {Schmidt}, J. and {Spahn}, F.},
    title = "{Viscous Overstability in Saturn's B Ring. I. Direct Simulations and 
       Measurement of Transport Coefficients}",
  journal = {Icarus},
     year = 2001,
    month = oct,
   volume = 153,
    pages = {295-315},
      doi = {10.1006/icar.2001.6680},
   adsurl = {http://adsabs.harvard.edu/abs/2001Icar..153..295S},
  adsnote = {Provided by the SAO/NASA Astrophysics Data System}
}

@ARTICLE{SJTBA00,
    author = {{Sheppard}, S.~S. and {Jewitt}, D.~C. and {Trujillo}, C.~A. and 
 {Brown}, M.~J.~I. and {Ashley}, M.~C.~B.},
    title = "{A Wide-Field CCD Survey for Centaurs and Kuiper Belt Objects}",
    journal = {\aj},
    year = 2000,
    month = nov,
    volume = 120,
    pages = {2687-2694},
    adsurl = {http://adsabs.harvard.edu/cgi-bin/nph-bib_query?bibcode=
        2000AJ....120.2687S&amp;db_key=AST},
    adsnote = {Provided by the NASA Astrophysics Data System}
}

@INPROCEEDINGS{S84,
   author = {{Shu}, F.~H.},
   title = "{Waves in planetary rings}",
   booktitle = {IAU Colloq. 75: Planetary Rings},
   year = 1984,
   editor = {{Greenberg}, R. and {Brahic}, A.},
   pages = {513-561},
   adsurl = {http://adsabs.harvard.edu/cgi-bin/nph-bib_query?bibcode=
    1984prin.conf..513S&db_key=AST},
   adsnote = {Provided by the Smithsonian/NASA Astrophysics Data System}
}

@ARTICLE{SYL85,
   author = {{Shu}, F.~H. and {Yuan}, C. and {Lissauer}, J.~J.},
    title = "{Nonlinear spiral density waves - an inviscid theory}",
  journal = {\apj},
     year = 1985,
    month = apr,
   volume = 291,
    pages = {356-376},
      doi = {10.1086/163075},
   adsurl = {http://adsabs.harvard.edu/abs/1985ApJ...291..356S},
  adsnote = {Provided by the SAO/NASA Astrophysics Data System}
}

@ARTICLE{SHB11,
   author = {{Showalter}, M.~R. and {Hedman}, M.~M. and {Burns}, J.~A.},
    title = "{The Impact of Comet Shoemaker-Levy 9 Sends Ripples Through the Rings of Jupiter}",
  journal = {Science},
     year = 2011,
    month = may,
   volume = 332,
    pages = {711-},
      doi = {10.1126/science.1202241},
   adsurl = {http://adsabs.harvard.edu/abs/2011Sci...332..711S},
  adsnote = {Provided by the SAO/NASA Astrophysics Data System}
}

@INPROCEEDINGS{SP06,
   author = {{Spitale}, J.~N. and {Porco}, C.~C.},
    title = "{Kinematic Models of Non-Circular Features in Saturn's Rings}",
booktitle = {37th Annual Lunar and Planetary Science Conference},
     year = 2006,
   series = {Lunar and Planetary Institute Conference Abstracts},
   volume = 37,
   editor = {{Mackwell}, S. and {Stansbery}, E.},
    month = mar,
    pages = {2242-+},
   adsurl = {http://adsabs.harvard.edu/abs/2006LPI....37.2242S},
  adsnote = {Provided by the SAO/NASA Astrophysics Data System}
}

@ARTICLE{Setal06,
   author = {{Spitale}, J.~N. and {Jacobson}, R.~A. and {Porco}, C.~C. and 
	{Owen}, Jr., W.~M.},
    title = "{The Orbits of Saturn's Small Satellites Derived from 
              Combined Historic and Cassini Imaging Observations}",
  journal = {\aj},
     year = 2006,
    month = aug,
   volume = 132,
    pages = {692-710},
      doi = {10.1086/505206},
   adsurl = {http://adsabs.harvard.edu/cgi-bin/nph-bib_query?bibcode=
             2006AJ....132..692S&db_key=AST},
  adsnote = {Provided by the Smithsonian/NASA Astrophysics Data System}
}

@ARTICLE{SPH08,
   author = {{Spitale}, J.~N. and {Porco}, C.~C. and  {Hahn}, J.~M. and {Colwell}, J.},
    title = "{Cassini observations of the A ring}",
  journal = {in preparation},
     year = 2009,
}

@ARTICLE{SP09,
   author = {{Spitale}, J.~N. and {Porco}, C.~C.},
    title = "{Time Variability in the Outer Edge of Saturn's A-Ring Revealed by Cassini Imaging}",
  journal = {\aj},
 keywords = {planets: rings},
     year = 2009,
    month = nov,
   volume = 138,
    pages = {1520-1528},
      doi = {10.1088/0004-6256/138/5/1520},
   adsurl = {http://adsabs.harvard.edu/abs/2009AJ....138.1520S},
  adsnote = {Provided by the SAO/NASA Astrophysics Data System}
}

@ARTICLE{SP10,
   author = {{Spitale}, J.~N. and {Porco}, C.~C.},
    title = "{Detection of Free Unstable Modes and Massive Bodies in Saturn's Outer B Ring}",
  journal = {\aj},
archivePrefix = "arXiv",
   eprint = {0912.3489},
 primaryClass = "astro-ph.EP",
 keywords = {planets and satellites: rings},
     year = 2010,
    month = dec,
   volume = 140,
    pages = {1747-1757},
      doi = {10.1088/0004-6256/140/6/1747},
   adsurl = {http://adsabs.harvard.edu/abs/2010AJ....140.1747S},
  adsnote = {Provided by the SAO/NASA Astrophysics Data System}
}

@ARTICLE{SH16,
       author = {{Spitale}, J.~N. and {Hahn}, J.~M.},
        title = "{The shape of Saturn's Huygens ringlet viewed by Cassini ISS}",
      journal = {\icarus},
     keywords = {Planetary rings, Resonances, rings, Saturn, Earth Science, Astrophysics - Earth and Planetary Astrophysics},
         year = 2016,
        month = nov,
       volume = {279},
        pages = {141-154},
          doi = {10.1016/j.icarus.2016.04.035},
archivePrefix = {arXiv},
       eprint = {1509.07228},
 primaryClass = {astro-ph.EP},
       adsurl = {https://ui.adsabs.harvard.edu/abs/2016Icar..279..141S},
      adsnote = {Provided by the SAO/NASA Astrophysics Data System}
}

@INPROCEEDINGS{SSA08,
   author = {{Sremcevic}, M. and {Stewart}, G.~R. and {Albers}, N. and {Colwell}, J.~E. and 
	{Esposito}, L.~W.},
    title = "{Density Waves in Saturn's Rings: Non-linear Dispersion and Moon Libration Effects}",
booktitle = {AAS/Division for Planetary Sciences Meeting Abstracts},
     year = 2008,
   series = {AAS/Division for Planetary Sciences Meeting Abstracts},
   volume = 40,
    month = sep,
    pages = {\#24.03-+},
   adsurl = {http://adsabs.harvard.edu/abs/2008DPS....40.2403S},
  adsnote = {Provided by the SAO/NASA Astrophysics Data System}
}

@ARTICLE{ST92,
   author = {{Sridhar}, S. and {Tremaine}, S.},
    title = "{Tidal disruption of viscous bodies}",
  journal = {\icarus},
 keywords = {CELESTIAL MECHANICS, COMPUTATIONAL FLUID DYNAMICS, PROTOPLANETS, TIDES, VISCOUS FLUIDS, ASTRONOMICAL MODELS, EQUATIONS OF MOTION, PLANETARY EVOLUTION, POISSON EQUATION},
     year = 1992,
    month = jan,
   volume = 95,
    pages = {86-99},
      doi = {10.1016/0019-1035(92)90193-B},
   adsurl = {http://adsabs.harvard.edu/abs/1992Icar...95...86S},
  adsnote = {Provided by the SAO/NASA Astrophysics Data System}
}

@ARTICLE{S96,
   author = {{Stern}, S.~A.},
    title = "{On the Collisional Environment, Accretion Time Scales, and 
       Architecture of the Massive, Primordial Kuiper Belt.}",
  journal = {\aj},
     year = 1996,
    month = sep,
   volume = 112,
    pages = {1203-+},
   adsurl = {http://adsabs.harvard.edu/cgi-bin/nph-bib_query?bibcode=
      1996AJ....112.1203S&amp;db_key=AST},
  adsnote = {Provided by the NASA Astrophysics Data System}
}

@ARTICLE{SC96,
    author = {{Stern}, A. and {Campins}, H.},
    title = "{Chiron and the Centaurs: Escapees from the Kuiper Belt}",
    journal = {\nat},
    year = 1996,
    volume = 382,
    pages = {507-510},
    adsurl = {http://adsabs.harvard.edu/cgi-bin/nph-bib_query?bibcode=1996
        Natur.382..507S&amp;db_key=AST},
    adsnote = {Provided by the NASA Astrophysics Data System}
}

@ARTICLE{SC97,
   author = {{Stern}, S.~A. and {Colwell}, J.~E.},
    title = "{Collisional Erosion in the Primordial Edgeworth-Kuiper Belt and the Generation of the 30-50 AU Kuiper Gap}",
  journal = {\apj},
 keywords = {SOLAR SYSTEM: FORMATION, SOLAR SYSTEM: GENERAL, COMETS: GENERAL},
     year = 1997,
    month = dec,
   volume = 490,
    pages = {879-+},
      doi = {10.1086/304912},
   adsurl = {http://adsabs.harvard.edu/abs/1997ApJ...490..879S},
  adsnote = {Provided by the SAO/NASA Astrophysics Data System}
}

@ARTICLE{SC06,
   author = {{Strubbe}, L.~E. and {Chiang}, E.~I.},
    title = "{Dust Dynamics, Surface Brightness Profiles, and Thermal Spectra of 
              Debris Disks: The Case of AU Microscopii}",
  journal = {\apj},
   eprint = {arXiv:astro-ph/0510527},
 keywords = {Accretion, Accretion Disks, Celestial Mechanics, Stars: 
           Circumstellar Matter, Stars: Planetary Systems: Formation, 
           stars: individual (AU Mic), Stars: Mass Loss},
     year = 2006,
    month = sep,
   volume = 648,
    pages = {652-665},
      doi = {10.1086/505736},
   adsurl = {http://adsabs.harvard.edu/abs/2006ApJ...648..652S},
  adsnote = {Provided by the SAO/NASA Astrophysics Data System}
}

@ARTICLE{SB04,
   author = {{Stuart}, J.~S. and {Binzel}, R.~P.},
   title = "{Bias-corrected population, size distribution, and impact hazard 
      for the near-Earth objects}",
   journal = {Icarus},
   year = 2004,
   month = aug,
   volume = 170,
   pages = {295-311},
   adsurl = {http://adsabs.harvard.edu/cgi-bin/nph-bib_query?bibcode=
      2004Icar..170..295S&amp;db_key=AST},
   adsnote = {Provided by the NASA Astrophysics Data System}
}

@ARTICLE{TCMZPd99,
    author = {{Tanga}, P. and {Cellino}, A. and {Michel}, P. and {Zappal{\` a}}, 
        V. and {Paolicchi}, P. and {dell'Oro}, A.},
    title = "{On the Size Distribution of Asteroid Families: The Role of Geometry}",
    journal = {Icarus},
    year = 1999,
    month = sep,
    volume = 141,
    pages = {65-78},
    adsurl = {http://adsabs.harvard.edu/cgi-bin/nph-bib_query?bibcode=
       1999Icar..141...65T&amp;db_key=AST}, 
    adsnote = {Provided by the NASA Astrophysics Data System}
}

@ARTICLE{TFW05,
   author = {{Telesco}, C.~M. and {Fisher}, R.~S. and {Wyatt}, M.~C. and 
	{Dermott}, S.~F. and {Kehoe}, T.~J.~J. and {Novotny}, S. and 
	{Mari{\~n}as}, N. and {Radomski}, J.~T. and {Packham}, C. and 
	{De Buizer}, J. and {Hayward}, T.~L.},
    title = "{Mid-infrared images of {$\beta$} Pictoris and the possible role of planetesimal collisions in the central disk}",
  journal = {\nat},
     year = 2005,
    month = jan,
   volume = 433,
    pages = {133-136},
      doi = {10.1038/nature03255},
   adsurl = {http://adsabs.harvard.edu/abs/2005Natur.433..133T},
  adsnote = {Provided by the SAO/NASA Astrophysics Data System}
}

@ARTICLE{TAB03,
   author = {{Th{\'e}bault}, P. and {Augereau}, J.~C. and {Beust}, H.},
    title = "{Dust production from collisions in extrasolar planetary systems. 
               The inner beta  Pictoris disc}",
  journal = {\aap},
   eprint = {arXiv:astro-ph/0307167},
 keywords = {stars: planetary systems, stars: individual: {$\beta$} Pictoris, 
             stars: planetary systems: formation},
     year = 2003,
    month = sep,
   volume = 408,
    pages = {775-788},
      doi = {10.1051/0004-6361:20031017},
   adsurl = {http://adsabs.harvard.edu/abs/2003A%26A...408..775T},
  adsnote = {Provided by the SAO/NASA Astrophysics Data System}
}

@ARTICLE{Tetal99,
    author = {{Thommes}, E.~W. and {Duncan}, M.~J. and {Levison}, H.~F.},
    title = "{The formation of Uranus and Neptune in the Jupiter-Saturn region
       of the Solar System}",
    journal = {\nat},
    year = 1999,
    month = dec,
    volume = 402,
    pages = {635-638},
    adsurl = {http://adsabs.harvard.edu/cgi-bin/nph-bib_query?bibcode=
       1999Natur.402..635T&amp;db_key=AST},
    adsnote = {Provided by the NASA Astrophysics Data System}
}

@ARTICLE{Tetal02,
    author = {{Thommes}, E.~W. and {Duncan}, M.~J. and {Levison}, H.~F.},
    title = "{The Formation of Uranus and Neptune among Jupiter and Saturn}",
    journal = {\aj},
    year = 2002,
    month = may,
    volume = 123,
    pages = {2862-2883},
    adsurl = {http://adsabs.harvard.edu/cgi-bin/nph-bib_query?bibcode=
       2002AJ....123.2862T&amp;db_key=AST},
    adsnote = {Provided by the NASA Astrophysics Data System}
}

@ARTICLE{TM03,
   author = {{Tiscareno}, M.~S. and {Malhotra}, R.},
    title = "{The Dynamics of Known Centaurs}",
  journal = {\aj},
     year = 2003,
    month = dec,
   volume = 126,
    pages = {3122-3131},
   adsurl = {http://adsabs.harvard.edu/cgi-bin/nph-bib_query?bibcode=
             2003AJ....126.3122T&amp;db_key=AST},
  adsnote = {Provided by the NASA Astrophysics Data System}
}

@UNPUBLIHSED{TM04,
    author = {{Tiscareno}, M.~S. and {Malhotra}, R.},
    title = "{Chaotic Diffusion of Resonant Kuiper Belt Objects}",
    note = "{submitted to {\it AJ}}",
    year = 2004,
}

@ARTICLE{Tetal05,
   author = {{Tiscareno}, M.~S. and {Hedman}, M.~M. and {Burns}, J.~A. and 
	{Porco}, C.~C. and {Weiss}, J.~W. and {Murray}, C.~D.},
    title = "{Cassini ISS Observations of the Encke and Keeler Gaps in Saturn's Rings}",
  journal = {AGU Fall Meeting Abstracts},
     year = 2005,
    month = dec,
    pages = {B245+},
   adsurl = {http://adsabs.harvard.edu/cgi-bin/nph-bib_query?bibcode=
      2005AGUFM.P33B0245T&db_key=AST},
  adsnote = {Provided by the Smithsonian/NASA Astrophysics Data System}
}

@ARTICLE{TBN07,
   author = {{Tiscareno}, M.~S. and {Burns}, J.~A. and {Nicholson}, P.~D. and 
	{Hedman}, M.~M. and {Porco}, C.~C.},
    title = "{Cassini imaging of Saturn's rings II. A wavelet technique for
        analysis of density waves and other radial structure in the rings}",
  journal = {Icarus},
     year = 2007,
    month = jul,
   volume = 189,
    pages = {14-34},
      doi = {10.1016/j.icarus.2006.12.025},
   adsurl = {http://adsabs.harvard.edu/abs/2007Icar..189...14T},
  adsnote = {Provided by the Smithsonian/NASA Astrophysics Data System}
}

@ARTICLE{Tetal10,
       author = {{Tiscareno}, Matthew S. and {Burns}, Joseph A. and {Srem{\v{c}}evi{\'c}}, Miodrag and {Beurle}, Kevin and {Hedman}, Matthew M. and {Cooper}, Nicholas J. and {Milano}, Anthony J. and {Evans}, Michael W. and {Porco}, Carolyn C. and {Spitale}, Joseph N. and {Weiss}, John W.},
        title = "{Physical Characteristics and Non-Keplerian Orbital Motion of ``Propeller'' Moons Embedded in Saturn's Rings}",
      journal = {\apjl},
     keywords = {planets and satellites: dynamical evolution and stability, planets and satellites: rings, planet-disk interactions, Astrophysics - Earth and Planetary Astrophysics},
         year = 2010,
        month = aug,
       volume = {718},
       number = {2},
        pages = {L92-L96},
          doi = {10.1088/2041-8205/718/2/L92},
archivePrefix = {arXiv},
       eprint = {1007.1008},
 primaryClass = {astro-ph.EP},
       adsurl = {https://ui.adsabs.harvard.edu/abs/2010ApJ...718L..92T},
      adsnote = {Provided by the SAO/NASA Astrophysics Data System}
}

@ARTICLE{T64,
   author = {{Toomre}, A.},
    title = "{On the gravitational stability of a disk of stars}",
  journal = {\apj},
     year = 1964,
    month = may,
   volume = 139,
    pages = {1217-1238},
   adsurl = {http://adsabs.harvard.edu/abs/1964ApJ...139.1217T},
  adsnote = {Provided by the Smithsonian/NASA Astrophysics Data System}
}

@ARTICLE{T69,
    author = {{Toomre}, A.},
    title = "{Group Velocity of Spiral Waves in Galactic Disks}",
    journal = {\apj},
    year = 1969,
    month = dec,
    volume = 158,
    pages = {899-+},
    adsurl = {http://adsabs.harvard.edu/cgi-bin/nph-bib_query?bibcode=
      1969ApJ...158..899T&db_key=AST},
    adsnote = {Provided by the Smithsonian/NASA Astrophysics Data System}
}

@ARTICLE{TJL01,
    author = {{Trujillo}, C.~A. and {Jewitt}, D.~C. and {Luu}, J.~X.},
    title = "{Properties of the Trans-Neptunian Belt: Statistics from the Canada-France-Hawaii Telescope Survey}",
    journal = {\aj},
    year = 2001,
    month = jul,
    volume = 122,
    pages = {457-473},
    adsurl = {http://adsabs.harvard.edu/cgi-bin/nph-bib_query?bibcode=
       2001AJ....122..457T&amp;db_key=AST},
    adsnote = {Provided by the NASA Astrophysics Data System}
}

@ARTICLE{TB01,
    author = {{Trujillo}, C.~A. and {Brown}, M.~E.},
    title = "{The Radial Distribution of the Kuiper Belt}",
    journal = {\apjl},
    year = 2001,
    month = jun,
    volume = 554,
    pages = {L95-L98},
    adsurl = {http://adsabs.harvard.edu/cgi-bin/nph-bib_query?bibcode=
       2001ApJ...554L..95T&amp;db_key=AST},
    adsnote = {Provided by the NASA Astrophysics Data System}
}

@ARTICLE{TMLG04,
   author = {{Tsiganis}, K. and {Morbidelli}, A. and {Levison}, H.~F. and 
 {Gomes}, R.},
    title = "{Understanding the orbital configuration of the outer planets}",
  journal = {AAS/Division for Planetary Sciences Meeting Abstracts},
     year = 2004,
    month = nov,
   volume = 36,
    pages = {-+},
   adsurl = {http://adsabs.harvard.edu/cgi-bin/nph-bib_query?bibcode=2004DPS....36.4408T&db_key=AST},
  adsnote = {Provided by the NASA Astrophysics Data System}
}

@ARTICLE{WKR05,
   author = {{Wahhaj}, Z. and {Koerner}, D.~W. and {Ressler}, M.~E. and {Werner}, 
         M.~W. and {Backman}, D.~E. and {Sargent}, A.~I.},
    title = "{The Inner Rings of {$\beta$} Pictoris}",
  journal = {\apjl},
   eprint = {arXiv:astro-ph/0212081},
 keywords = {Stars: Circumstellar Matter, Infrared: Stars, Stars: 
            Planetary Systems: Formation, Stars: Planetary Systems: 
             Protoplanetary Disks, Solar System: Formation},
     year = 2003,
    month = feb,
   volume = 584,
    pages = {L27-L31},
   adsurl = {http://adsabs.harvard.edu/abs/2003ApJ...584L..27W},
  adsnote = {Provided by the SAO/NASA Astrophysics Data System}
}

@ARTICLE{W81,
   author = {{Ward}, W.~R.},
    title = "{Solar nebula dispersal and the stability of the planetary 
  system. I - Scanning secular resonance theory}",
  journal = {Icarus},
     year = 1981,
    month = aug,
   volume = 47,
    pages = {234-264},
   adsurl = {http://adsabs.harvard.edu/cgi-bin/nph-bib_query?bibcode=1981
  Icar...47..234W&amp;db_key=AST},
  adsnote = {Provided by the NASA Astrophysics Data System}
}

@ARTICLE{W86,
   author = {{Ward}, W.~R.},
    title = "{Density waves in the solar nebula - Differential Lindblad torque}",
  journal = {\icarus},
 keywords = {ACCRETION DISKS, DENSITY WAVE MODEL, ORBIT PERTURBATION, PLANETARY EVOLUTION,
              PROTOPLANETS, SOLAR CORONA, DRIFT RATE, ORBIT DECAY, RESONANCE, TORQUE},
     year = 1986,
    month = jul,
   volume = 67,
    pages = {164-180},
      doi = {10.1016/0019-1035(86)90182-X},
   adsurl = {http://adsabs.harvard.edu/abs/1986Icar...67..164W},
  adsnote = {Provided by the SAO/NASA Astrophysics Data System}
}

@ARTICLE{WH98,
   author = {{Ward}, W.~R. and {Hahn}, J.~M.},
    title = "{Dynamics of the Trans-Neptune Region: Apsidal Waves in the Kuiper Belt}",
  journal = {\aj},
     year = 1998,
    month = jul,
   volume = 116,
    pages = {489-498},
      doi = {10.1086/300398},
   adsurl = {http://adsabs.harvard.edu/cgi-bin/nph-bib_query?bibcode=
     1998AJ....116..489W&db_key=AST},
  adsnote = {Provided by the Smithsonian/NASA Astrophysics Data System}
}

@ARTICLE{WH03,
   author = {{Ward}, W.~R. and {Hahn}, J.~M.},
    title = "{Spiral Bending Waves Launched at a Vertical Secular Resonance}",
  journal = {\aj},
     year = 2003,
    month = jun,
   volume = 125,
    pages = {3389-3397},
      doi = {10.1086/374941},
   adsurl = {http://adsabs.harvard.edu/cgi-bin/nph-bib_query?bibcode=2003AJ....125.3389W&db_key=AST},
  adsnote = {Provided by the Smithsonian/NASA Astrophysics Data System}
}

@ARTICLE{WD85,
   author = {{Weidenschilling}, S.~J. and {Davis}, D.~R.},
    title = "{Orbital resonances in the solar nebula - Implications for planetary accretion}",
  journal = {Icarus},
 keywords = {GRAVITATIONAL EFFECTS, ORBITAL RESONANCES (CELESTIAL MECHANICS), 
       PLANETARY EVOLUTION, PLANETARY ROTATION, PROTOPLANETS, SOLAR PLANETARY 
       INTERACTIONS, LIBRATIONAL MOTION, PERTURBATION THEORY, PLANETARY MASS, 
       RUNGE-KUTTA METHOD, SOLAR ORBITS, VISCOUS DRAG},
     year = 1985,
    month = apr,
   volume = 62,
    pages = {16-29},
      doi = {10.1016/0019-1035(85)90169-1},
   adsurl = {http://adsabs.harvard.edu/abs/1985Icar...62...16W},
  adsnote = {Provided by the SAO/NASA Astrophysics Data System}
}
@ARTICLE{W10,
   author = {{Weidenschilling}, S.~J.},
    title = "{Collisional and luminosity evolution of a debris disk: the case of
              HD 12039}",
  journal = {submitted to ApJ},
     year = 2010,
}

@ARTICLE{Wetal09,
       author = {{Weiss}, John W. and {Porco}, Carolyn C. and {Tiscareno}, Matthew S.},
        title = "{Ring Edge Waves and the Masses of Nearby Satellites}",
      journal = {\aj},
     keywords = {planets: rings},
         year = 2009,
        month = jul,
       volume = {138},
       number = {1},
        pages = {272-286},
          doi = {10.1088/0004-6256/138/1/272},
       adsurl = {https://ui.adsabs.harvard.edu/abs/2009AJ....138..272W},
      adsnote = {Provided by the SAO/NASA Astrophysics Data System}
}

@ARTICLE{WW50,
   author = {{Wyatt}, S.~P. and {Whipple}, F.~L.},
    title = "{The Poynting-Robertson effect on meteor orbits}",
  journal = {\apj},
     year = 1950,
    month = jan,
   volume = 111,
    pages = {134-141},
      doi = {10.1086/145244},
   adsurl = {http://adsabs.harvard.edu/abs/1950ApJ...111..134W},
  adsnote = {Provided by the SAO/NASA Astrophysics Data System}
}

@ARTICLE{W05,
   author = {{Wyatt}, M.~C.},
    title = "{The insignificance of P-R drag in detectable extrasolar planetesimal belts}",
  journal = {\aap},
   eprint = {arXiv:astro-ph/0501038},
 keywords = {stars: circumstellar matter, stars: planetary systems: formation},
     year = 2005,
    month = apr,
   volume = 433,
    pages = {1007-1012},
      doi = {10.1051/0004-6361:20042073},
   adsurl = {http://adsabs.harvard.edu/abs/2005A%26A...433.1007W},
  adsnote = {Provided by the SAO/NASA Astrophysics Data System}
}

@ARTICLE{Wetal99,
   author = {{Wyatt}, M.~C. and {Dermott}, S.~F. and {Telesco}, C.~M. and 
	{Fisher}, R.~S. and {Grogan}, K. and {Holmes}, E.~K. and 
                          {Pi{\~n}a}, R.~K.},
    title = "{How Observations of Circumstellar Disk Asymmetries Can Reveal Hidden 
         Planets: Pericenter Glow and Its Application to the HR 4796 Disk}",
  journal = {\apj},
   eprint = {astro-ph/9908267},
     year = 1999,
    month = dec,
   volume = 527,
    pages = {918-944},
      doi = {10.1086/308093},
   adsurl = {http://adsabs.harvard.edu/cgi-bin/nph-bib_query?bibcode=
      1999ApJ...527..918W&db_key=AST},
  adsnote = {Provided by the Smithsonian/NASA Astrophysics Data System}
}

@ARTICLE{WSS07,
   author = {{Wyatt}, M.~C. and {Smith}, R. and {Su}, K.~Y.~L. and {Rieke}, G.~H. and 
	{Greaves}, J.~S. and {Beichman}, C.~A. and {Bryden}, G.},
    title = "{Steady State Evolution of Debris Disks around A Stars}",
  journal = {\apj},
   eprint = {arXiv:astro-ph/0703608},
 keywords = {Stars: Circumstellar Matter, Stars: Planetary Systems: Formation},
     year = 2007,
    month = jul,
   volume = 663,
    pages = {365-382},
      doi = {10.1086/518404},
   adsurl = {http://adsabs.harvard.edu/abs/2007ApJ...663..365W},
  adsnote = {Provided by the SAO/NASA Astrophysics Data System}
}

@ARTICLE{WSG07,
   author = {{Wyatt}, M.~C. and {Smith}, R. and {Greaves}, J.~S. and {Beichman}, 
          C.~A. and {Bryden}, G. and {Lisse}, C.~M.},
    title = "{Transience of Hot Dust around Sun-like Stars}",
  journal = {\apj},
   eprint = {arXiv:astro-ph/0610102},
 keywords = {Stars: Circumstellar Matter, Stars: Planetary Systems: Formation},
     year = 2007,
    month = mar,
   volume = 658,
    pages = {569-583},
      doi = {10.1086/510999},
   adsurl = {http://adsabs.harvard.edu/abs/2007ApJ...658..569W},
  adsnote = {Provided by the SAO/NASA Astrophysics Data System}
}

@ARTICLE{YCS83,
   author = {{Yoder}, C.~F. and {Colombo}, G. and {Synnott}, S.~P. and {Yoder}, K.~A.
	},
    title = "{Theory of motion of Saturn's coorbiting satellites}",
  journal = {Icarus},
 keywords = {EQUATIONS OF MOTION, ORBIT CALCULATION, PLANETARY GRAVITATION, 
     PLANETARY ORBITS, SATURN SATELLITES, ECCENTRIC ORBITS, MIMAS, ORBITAL ELEMENTS, 
     ORBITAL RESONANCES (CELESTIAL MECHANICS), PLANETOLOGY, SATURN, SATELLITES, 
     COORBITALS, MOTION, THEORETICAL STUDIES, ORBITS, RESONANCE, 1980S1, 1980S3, 
    GRAVITY EFFECTS, CELESTIAL MECHANICS},
     year = 1983,
    month = mar,
   volume = 53,
    pages = {431-443},
      doi = {10.1016/0019-1035(83)90207-5},
   adsurl = {http://adsabs.harvard.edu/abs/1983Icar...53..431Y},
  adsnote = {Provided by the SAO/NASA Astrophysics Data System}
}

@ARTICLE{YT99,
    author = {{Yu}, Q. and {Tremaine}, S.},
    title = "{The Dynamics of Plutinos}",
    journal = {\aj},
    year = 1999,
    month = oct,
    volume = 118,
    pages = {1873-1881},
    adsurl = {http://adsabs.harvard.edu/cgi-bin/nph-bib_query?bibcode=
       1999AJ....118.1873Y&amp;db_key=AST},
    adsnote = {Provided by the NASA Astrophysics Data System}
}

@ARTICLE{ZSZZV02,
   author = {{Zhou}, L. and {Sun}, Y. and {Zhou}, J. and {Zheng}, J. and 
 {Valtonen}, M.},
    title = "{Stochastic effects in the planet migration and orbital 
              distribution of the Kuiper Belt}",
  journal = {\mnras},
     year = 2002,
    month = oct,
   volume = 336,
    pages = {520-526},
   adsurl = {http://adsabs.harvard.edu/cgi-bin/nph-bib_query?bibcode=
             2002MNRAS.336..520Z&db_key=AST},
  adsnote = {Provided by the NASA Astrophysics Data System}
}

@ARTICLE{ZSB01,
   author = {{Zuckerman}, B. and {Song}, I. and {Bessell}, M.~S. and {Webb}, R.~A.
	},
    title = "{The {$\beta$} Pictoris Moving Group}",
  journal = {\apjl},
 keywords = {Galaxy: Open Clusters and Associations: Individual: Name: 
            {$\beta$} Pictoris, Stars: Kinematics, Stars: Pre-Main-Sequence},
     year = 2001,
    month = nov,
   volume = 562,
    pages = {L87-L90},
      doi = {10.1086/337968},
   adsurl = {http://adsabs.harvard.edu/abs/2001ApJ...562L..87Z},
  adsnote = {Provided by the SAO/NASA Astrophysics Data System}
}

